3792 5250
397 874 467 920 nno
490 856 684 938 eodemque
702 855 805 919 modo
825 855 997 919 narrandi
1015 859 1174 921 secutum
1193 873 1270 921 osse
1287 856 1345 936 (cf.
1364 854 1417 936 39,
1436 856 1489 937 44,
1506 853 1541 922 2:

396 960 449 1023 καὶ
471 957 512 1024 ad
533 957 711 1043 τιμιώτατα
733 957 764 1036 ἐς
781 955 823 1024 ad
840 956 1025 1025 λοσιώταιο
1043 962 1107 1024 τῶν
1124 957 1207 1044 ὀρῶν
1221 957 1541 1043 ἀνασκευασάμενοι).

398 1062 461 1129 Cui
484 1064 536 1128 rei
560 1069 778 1148 quantopere
805 1064 979 1129 inserviat
1001 1065 1069 1129 Dio
1097 1083 1141 1129 ex
1170 1065 1239 1128 bac
1262 1083 1400 1147 quoque
1423 1082 1463 1129 re
1486 1084 1541 1130 ea-

400 1187 468 1251 que
491 1170 551 1234 vel
573 1169 719 1234 minima
742 1169 940 1252 intellegas,
970 1207 1011 1216 —
1036 1169 1148 1233 Minus
1172 1168 1361 1251 diligenter
1384 1169 1451 1233 Dio
1474 1175 1542 1233 tra-

401 1273 451 1338 dit
482 1273 671 1338 Britannos
704 1274 849 1339 arbores
879 1274 1051 1339 cecidisse
1080 1291 1275 1356 caesasque
1303 1291 1542 1355 exaggerasse

397 1383 433 1444 et
471 1379 522 1444 ita
555 1379 691 1443 uallum
728 1380 883 1444 funditus
920 1379 1147 1444 exstruxisse.
1203 1379 1244 1442 In
1280 1379 1544 1444 commentariis

400 1484 493 1550 enim
516 1485 687 1567 scriptum
711 1489 764 1549 est
786 1487 903 1550 locum
926 1503 987 1550 eos
1009 1491 1134 1549 nactos
1158 1501 1235 1548 esse
1258 1484 1402 1566 egregie
1425 1490 1460 1549 et
1483 1502 1545 1548 na·

398 1593 478 1654 tura
502 1595 537 1653 et
560 1606 667 1672 opere
694 1589 876 1665 munitum,
908 1608 1011 1671 quem
1041 1588 1224 1653 domestici
1255 1588 1349 1669 belli,
1382 1593 1420 1654 ut
1447 1589 1545 1654 vide·

397 1694 537 1775 bantur,
561 1712 671 1758 causa
694 1694 765 1757 iam
788 1699 895 1759 antea
917 1699 1226 1777 praeparaverant
1239 1691 1296 1777 (V.
1312 1692 1343 1774 9,
1358 1692 1408 1778 4).
1438 1693 1547 1758 Dioni

397 1800 488 1863 haec
512 1798 686 1863 omittenti
708 1799 768 1862 ille
791 1800 903 1863 solum
926 1801 1035 1880 locus,
1064 1818 1132 1881 quo
1155 1797 1288 1863 Caesar
1311 1798 1430 1863 omnia
1452 1816 1547 1863 oom-

398 1904 525 1988 plexus
547 1903 649 1970 dicit:
684 1923 778 1985 ,nam
802 1904 937 1968 crebris
970 1904 1154 1968 arboribus
1182 1903 1328 1968 succisis
1351 1922 1471 1968 omnes
1497 1903 1548 1969 in·

403 2008 529 2074 troitus
566 2013 669 2073 erant
699 2010 887 2092 praeclusi‘
924 2007 980 2093 (V.
1004 2008 1034 2089 9,
1068 2008 1104 2094 5)
1139 2009 1183 2073 ob
1217 2009 1336 2073 oculos
1367 2014 1548 2075 versatur.

400 2112 480 2194 Qua
510 2113 547 2177 in
570 2131 609 2178 re
641 2113 820 2178 ablativus
848 2114 1071 2178 instrumenti
1104 2113 1255 2177 absoluti
1289 2114 1439 2177 ablativi
1471 2115 1549 2179 rim

397 2223 519 2283 tenere
548 2218 580 2282 ei
604 2218 755 2282 videtur.
801 2218 879 2281 Hac
902 2236 941 2282 ro
971 2237 1049 2282 eum
1072 2236 1141 2281 non
1166 2219 1215 2283 ita
1248 2219 1433 2283 dissentire
1463 2237 1549 2284 oum

398 2340 485 2387 vero
521 2326 682 2406 apparet.
738 2321 842 2387 Certe
875 2323 969 2387 enim
1003 2323 1164 2388 Britanni
1201 2323 1419 2388 munimenta
1459 2328 1550 2388 tem-

397 2445 523 2511 porum
547 2428 698 2491 decursu
721 2427 851 2510 partim
875 2428 1035 2510 collapsa
1058 2427 1173 2491 denuo
1196 2428 1438 2493 firmaverunt.

502 2532 597 2596 Nihil
621 2550 752 2612 eorum,
783 2550 874 2614 quae
898 2532 993 2615 apud
1017 2532 1167 2595 Dionem
1190 2537 1397 2614 sequuntur:
1431 2529 1551 2599 ἔπειτα

397 2634 472 2713 τούς
484 2635 742 2723 προνομεύοντας
759 2639 822 2702 τῶν
838 2635 997 2721 Ῥωμαίων
1015 2636 1166 2703 ἒλι’ποιιν.
1189 2639 1242 2702 καὶ
1261 2634 1301 2728 δὴ
1314 2639 1366 2703 καὶ
1382 2637 1470 2727 μάχῃ
1485 2644 1551 2707 τινὶ

398 2742 433 2808 ἐν
453 2745 500 2826 τῷ
517 2743 604 2828 ψιλῷ
625 2740 819 2833 ἡττηθέντες
837 2739 1002 2831 ὑπήγαγόν
1025 2765 1108 2827 σᾳας
1131 2740 1231 2807 ἐκεῖσε
1248 2739 1330 2806 κατά
1353 2739 1412 2833 τὴν
1427 2746 1549 2829 δίωξιν,

398 2849 452 2912 καὶ
474 2844 607 2930 συχνούς
629 2844 885 2911 ἀνταπέκτειναν
914 2844 962 2931 (2,
986 2845 1023 2932 2)
1052 2846 1201 2929 legimus
1224 2848 1319 2931 apud
1342 2847 1548 2915 Caesarem.

400 2952 447 3017 At
471 2970 516 3016 ne
540 2970 583 3016 ea
606 2951 747 3034 quidem
771 2969 816 3015 ex
839 2951 952 3015 altero
975 2952 1071 3015 fonte
1091 2952 1217 3016 hausta
1241 2970 1317 3017 esso
1337 2952 1549 3037 videbimus,

398 3057 461 3121 sed
477 3060 602 3120 contra
618 3055 866 3120 adumbratam
880 3059 987 3138 atque
1002 3056 1174 3120 incertam
1190 3057 1339 3122 reddere
1354 3057 1548 3139 imaginem

399 3161 545 3242 singulis
567 3161 604 3223 in
629 3160 797 3243 'partibus
821 3159 927 3224 etiam
957 3161 1084 3224 falsam
1114 3177 1232 3225 rerum
1264 3162 1339 3225 sine
1368 3179 1549 3227 commen-

400 3265 499 3329 tariis
519 3266 759 3330 obscurarum.
805 3267 858 3330 Ac
880 3265 1031 3349 primurn
1051 3266 1192 3348 quidem
1209 3266 1331 3330 Dionis
1354 3267 1550 3351 descriptio

400 3369 569 3434 abhorret
592 3389 614 3433 a
637 3388 734 3434 vero.
779 3370 826 3433 Ut
850 3370 942 3433 enim
967 3371 1045 3435 veri
1072 3370 1185 3434 simile
1213 3389 1283 3434 non
1308 3375 1361 3435 est
1383 3390 1443 3436 eos
1466 3374 1550 3439 acie

400 3478 619 3554 decertasse,
659 3475 717 3557 qni
751 3474 857 3557 paulo
890 3478 973 3539 anto
1014 3493 1170 3557 pugnam
1207 3476 1312 3540 veriti
1347 3480 1426 3559 post
1458 3476 1550 3544 illud

399 3581 534 3644 vallum
566 3598 604 3644 se
636 3579 871 3661 recepissent,
913 3579 964 3642 ita
999 3580 1239 3644 desideramus
1273 3582 1368 3664 apud
1398 3580 1551 3650 Dionem

402 3685 566 3749 idoneam
596 3684 867 3747 conclusionem.
911 3684 1073 3748 Britanni
1100 3685 1292 3749 seeundum
1316 3686 1438 3751 Dionis
1466 3707 1550 3753 nar-

400 3791 575 3855 rationem
598 3789 725 3853 castris
758 3807 795 3853 sc
823 3794 955 3870 tenent,
988 3789 1136 3854 Romani
1160 3790 1195 3853 in
1224 3791 1313 3855 haec
1335 3810 1458 3856 verum
1484 3804 1551 3862 aot

400 3894 529 3959 iustum
554 3895 725 3977 impetum
748 3913 816 3957 non
841 3896 1013 3975 fecerunt,
1043 3914 1157 3977 neque
1185 3895 1298 3977 magis
1324 3896 1452 3960 iustam
1476 3900 1551 3964 cla-

401 3999 483 4063 dem
510 4003 738 4080 acoeperunt,
768 4017 881 4080 nequo
910 4000 1013 4081 signa
1035 4004 1179 4063 vertunt
1206 4004 1267 4064 aut
1289 4000 1478 4066 Britannos
1501 4004 1550 4071 de

400 4105 478 4168 loco
507 4121 652 4167 movere
681 4108 868 4183 conantum
900 4104 987 4167 nihil
1021 4103 1171 4186 deniquo
1200 4111 1263 4185 est,
1297 4106 1398 4187 unde,
1430 4109 1551 4188 qualis

400 4208 507 4272 fuerit
529 4207 589 4272 illo
612 4208 690 4272 loco
714 4207 896 4291 pugnandi
920 4209 1045 4288 exitus
1074 4209 1277 4288 intellegas:
1309 4209 1457 4274 Romani
1485 4213 1550 4277 ad-

399 4313 469 4376 huc
492 4312 618 4376 castris
640 4330 751 4395 prope
780 4312 826 4375 ad
849 4312 981 4377 vallem
1011 4331 1049 4376 sc
1080 4319 1210 4394 tenent,
1243 4315 1403 4378 Britanni
1426 4315 1461 4378 in
1485 4316 1551 4383 illo

401 4418 498 4480 vallo
521 4422 710 4481 versantur
728 4454 770 4461 —
789 4423 823 4481 et
846 4416 940 4480 illico
965 4418 1122 4499 sequitur
1145 4420 1296 4501 impetus
1319 4438 1341 4482 a
1364 4420 1550 4488 Britannis

400 4520 436 4583 in
466 4520 630 4586 Caesaris
658 4518 787 4604 νεώριον
817 4521 943 4586 factus
995 4520 1146 4604 (Quilurs
1178 4524 1207 4587 si
1238 4525 1343 4606 paulo
1376 4530 1458 4589 ante
1491 4544 1551 4591 su-
