3792 5250
366 853 530 934 sensisse,
563 853 598 917 id
622 856 676 918 est
698 852 776 917 illos
799 858 907 919 noctu
930 854 1049 919 castra
1072 853 1234 921 movisse.
1280 853 1440 934 Accedit,
1474 857 1513 918 ut

368 961 446 1043 ipsa
469 977 534 1042 per
557 977 595 1024 se
618 963 792 1023 nocturna
816 959 944 1025 itinera
963 959 1118 1024 maxime
1137 959 1169 1024 ei
1185 960 1363 1042 placeant,
1387 959 1513 1042 quibus

367 1066 610 1130 narrationem
633 1065 874 1130 iucundiorem
898 1066 1026 1130 reddat
1055 1103 1095 1111 —
1113 1065 1175 1145 Ea,
1199 1083 1291 1147 quae
1309 1069 1513 1147 sequuntur,

368 1171 436 1235 Dio
472 1170 586 1234 minus
616 1170 810 1252 'diligenter
844 1171 1022 1236 describit.
1081 1169 1280 1235 Secundum
1313 1170 1406 1234 enim
1440 1170 1514 1234 eius

368 1276 609 1340 narrationem
640 1275 823 1340 Ambiorix
855 1275 1034 1356 Sabinum,
1066 1281 1104 1339 ut
1132 1294 1211 1340 eum
1244 1280 1418 1356 servaret,
1450 1294 1514 1340 sua

369 1385 495 1465 sponte
518 1381 621 1445 adse
642 1399 793 1446 vocasse
813 1381 964 1462 videtur,
989 1381 1182 1446 secundum
1201 1384 1320 1446 autem
1339 1400 1514 1446 commen-

368 1487 479 1552 tarios
497 1486 646 1552 Sabinus
669 1485 716 1549 ad
734 1485 974 1568 Ambiorigem
998 1485 1114 1566 mittit,
1138 1485 1207 1567 qui,
1231 1491 1269 1550 ut
1291 1485 1358 1550 sibi
1376 1490 1514 1568 parcat,

370 1610 449 1657 eum
473 1595 582 1658 orent.
629 1589 677 1654 Ut
699 1590 768 1654 hoc
790 1589 879 1669 loco,
904 1590 973 1670 ubi,
1003 1590 1175 1672 quomodo
1198 1608 1256 1655 res
1278 1607 1316 1654 se
1339 1590 1513 1670 habuerit,

369 1715 440 1760 non
463 1696 610 1783 multum
633 1695 789 1775 interest,
824 1695 972 1759 levitate
996 1695 1063 1759 Dio
1087 1696 1261 1760 adductus
1284 1699 1347 1777 est,
1378 1699 1416 1759 ut
1439 1713 1514 1760 rem

369 1800 550 1865 narrando
572 1799 702 1865 leviter
730 1804 984 1882 corrumperet,
1017 1800 1067 1864 ita
1090 1805 1188 1864 certe
1212 1800 1319 1864 etiam
1342 1817 1450 1883 supra
1473 1817 1514 1864 eo

369 1906 459 1988 loco,
487 1905 547 1969 ubi
569 1905 613 1969 de
637 1903 800 1969 Caesaris
822 1922 902 1968 cum
925 1905 1105 1969 Ariovisto
1129 1904 1303 1986 colloquio
1327 1922 1437 1986 agens
1460 1922 1514 1969 co-

370 2011 450 2075 dem
474 2010 583 2074 utitur
602 2009 728 2074 verbo:
759 2015 1049 2091 aavanepaeodm,
1077 2013 1124 2089 ut,
1154 2009 1245 2072 sicut
1267 2008 1335 2072 hoc
1358 2008 1447 2088 locu,
1471 2027 1515 2072 nc

369 2115 430 2179 illo
454 2114 594 2197 quidem
622 2114 723 2177 nobis
754 2114 870 2194 liceat,
903 2115 995 2194 iude,
1028 2114 1064 2177 id
1099 2114 1190 2195 quod
1214 2112 1392 2177 Micalella
1419 2113 1514 2194 fecit,

371 2219 563 2302 quidquam
587 2218 766 2300 colligere.

474 2324 646 2389 Nimirum
683 2328 832 2387 mortem
865 2323 986 2388 Sabini
1021 2327 1141 2406 aptam
1180 2322 1404 2387 occasionem
1440 2322 1515 2387 illu·

371 2428 529 2493 minandi
561 2427 755 2492 orationem
787 2427 854 2490 Dio
886 2428 1037 2510 putavit.
1092 2427 1288 2510 Praecipue
1321 2427 1434 2491 oratio
1466 2427 1515 2490 in·
1583 2506 1587 2515 ι

371 2536 507 2598 structa
539 2530 702 2596 oratoriis
738 2531 921 2596 antithetis
955 2533 1001 2596 ab
1037 2550 1079 2597 eo
1115 2534 1199 2596 ficta
1235 2538 1288 2596 est
1322 2532 1378 2613 (cf.
1407 2533 1516 2595 τοιάδε

370 2649 480 2725 μέντοι
517 2635 604 2713 ὄντες
646 2639 715 2712 πῶς
745 2634 937 2724 τηλικούτων
973 2635 1063 2728 ῆμῶν
1099 2636 1200 2703 ὄντων
1230 2635 1338 2723 ἄρχειν
1368 2636 1514 2719 idriam
1562 2689 1564 2696 .

373 2745 415 2830 [6,
438 2742 499 2827 2b·

476 2866 506 2913 c.
530 2846 560 2917 7.
605 2846 683 2911 Hoc
705 2848 741 2910 in
770 2847 888 2929 capite
915 2847 1068 2929 plurima
1092 2847 1213 2912 Dionis
1236 2866 1316 2911 cum
1341 2866 1515 2912 commen-

371 2953 472 3019 tariis
501 2957 575 3017 tam
606 2951 732 3015 mirum
761 2951 798 3015 in
826 2952 968 3016 modum
999 2953 1232 3032 consentiunt,
1266 2958 1304 3016 ut
1327 2952 1425 3016 illum
1447 2953 1516 3017 hoc

373 3077 418 3124 ex
436 3058 534 3122 fonte
550 3056 709 3120 hausisse
728 3074 831 3120 nemo
850 3057 894 3119 sit
912 3057 972 3137 qui
991 3057 1067 3121 iure
1087 3063 1203 3137 negot.
1246 3057 1368 3121 Dionis
1387 3058 1514 3123 verba:

371 3163 425 3227 καὶ
451 3158 642 3226 ἀπώλλυντο
663 3156 750 3223 noia)
778 3160 906 3235 πλείους
932 3163 997 3225 τῶν
1027 3159 1196 3243 βαρβάρων
1222 3157 1279 3226 ὅτε
1310 3162 1362 3225 καὶ
1389 3161 1517 3235 chiaus

372 3266 459 3343 ὄντες
481 3265 528 3351 (7,
542 3265 589 3351 3),
613 3265 639 3329 si
664 3265 742 3348 ipsa
765 3283 885 3348 perse
904 3266 1164 3348 contempleris
1188 3267 1343 3331 maxime
1362 3266 1517 3330 absurda

373 3390 450 3439 esse
481 3389 584 3436 nemo
619 3370 735 3434 adhuc
767 3370 1063 3435 animadvertisse
1095 3371 1246 3440 videtur.
1302 3371 1407 3451 Num,
1448 3389 1515 3453 quo

372 3478 493 3561 plures
516 3493 538 3539 a
561 3474 721 3557 partibus
744 3474 954 3556 quibusdam
981 3479 1087 3555 stant,
1121 3494 1162 3540 eo
1184 3475 1303 3558 plures
1326 3476 1361 3538 in
1386 3476 1436 3540 eis
1460 3493 1516 3538 ca-

373 3582 458 3646 dere
477 3598 623 3645 necesse
642 3580 717 3645 est?
757 3579 909 3646 Minime.
955 3579 1023 3644 Hic
1041 3581 1108 3644 Dio
1128 3581 1339 3645 brevitatem
1360 3584 1516 3645 sectatus

373 3687 468 3751 male
500 3685 654 3750 reddidit
686 3684 850 3751 Caesaris
882 3687 1011 3750 verba:
1049 3687 1132 3768 ,iqui
1166 3686 1241 3751 dies
1272 3686 1366 3750 huno
1393 3686 1516 3750 habuit

374 3791 530 3873 exitum),
553 3797 590 3855 ut
613 3809 655 3855 eo
677 3792 733 3856 die
757 3792 931 3856 maximus
950 3810 1117 3857 numerus
1139 3792 1291 3856 bostium
1313 3793 1516 3857 vulnerare·

374 3901 432 3961 tur
454 3901 561 3978 atque
584 3895 853 3977 interficeretur,
876 3902 914 3961 ut
937 3915 976 3961 se
999 3898 1063 3961 sub
1084 3897 1159 3979 ipso
1179 3898 1275 3961 vallo
1295 3897 1516 3979 constipave-

373 4005 456 4065 rant
478 4018 726 4082 recessumque
758 4002 880 4083 primis
913 4000 1026 4065 ultimi
1048 4019 1118 4064 non
1142 4002 1287 4065 dabaut‘
1319 4001 1372 4082 (V.
1395 4000 1448 4077 43,
1472 4001 1515 4081 5).

374 4105 552 4171 Eiusmodi
575 4111 694 4169 autom
716 4105 815 4188 ipsae
838 4124 895 4171 res
914 4107 1124 4171 documento
1143 4114 1224 4171 sunt
1243 4107 1365 4171 Dionis
1383 4106 1516 4171 fontem

373 4212 480 4276 fuisse
519 4212 801 4276 commentarios,
851 4212 879 4275 E
912 4213 1048 4280 verbis:
1090 4218 1231 4294 ,quanto
1264 4217 1341 4277 erat
1372 4213 1408 4275 in
1442 4212 1517 4275 dies

374 4317 519 4398 gravior
542 4321 649 4397 atque
672 4316 831 4399 asperior
855 4318 1070 4399 oppugnatio
1095 4323 1130 4382 et
1154 4317 1316 4396 maxime,
1344 4317 1436 4398 quod
1460 4334 1517 4380 ros

375 4421 422 4485 ad
449 4421 665 4503 paucitatem
694 4422 917 4485 defensorum
944 4426 1169 4503 pervenerat
1198 4421 1315 4505 (Caes.
1340 4422 1379 4485 V.
1403 4422 1455 4500 45,
1480 4419 1516 4505 1)

376 4525 442 4591 Dio
466 4543 529 4589 sua
552 4527 713 4608 sumpsit:
736 4524 766 4589 οἱ
786 4527 822 4589 δὲ
844 4523 884 4617 δὴ
903 4524 1046 4609 Ῥωμαῖοι
1067 4523 1148 4615 μήτε
1170 4520 1271 4601 ἄλλως
1294 4525 1408 4589 πολλοὶ
1430 4522 1517 4600 ὄντες
