3792 5250
1000 613 1043 682 30

444 839 569 888 veram
592 840 739 888 oausam
758 823 982 888 detrectandi
1002 824 1178 907 imperata
1197 825 1312 890 fuisse.
1359 824 1453 889 Fieri
1471 828 1589 888 autem

445 927 568 1009 potuit,
592 932 631 993 ut
649 945 738 992 unus
757 928 906 1010 alterve,
930 932 969 992 ut
991 929 1172 1010 ignaviam
1195 947 1296 993 suam
1318 933 1465 1012 tegeret,
1497 947 1591 993 men-

446 1031 579 1096 tionem
601 1033 738 1097 faceret
761 1031 926 1114 iustitiae,
951 1037 987 1097 et
1009 1032 1076 1096 Dio
1099 1033 1145 1114 id,
1178 1034 1271 1116 quod
1293 1034 1370 1099 fieri
1392 1051 1495 1117 posse
1524 1032 1590 1096 sibi

447 1137 728 1218 excogitaverat,
752 1155 791 1202 re
810 1155 899 1201 vera
923 1137 1057 1202 factum
1081 1156 1159 1202 esse
1181 1138 1338 1219 tradidit,
1362 1139 1465 1203 simul
1490 1142 1525 1202 et
1549 1157 1589 1202 eo

446 1240 629 1324 adductus,
662 1243 756 1325 quod
787 1242 882 1325 apud
906 1242 1097 1308 Gaesarem
1132 1244 1269 1325 legerat
1292 1244 1507 1309 Ariovistum
1537 1262 1589 1307 re-

446 1346 638 1429 spondisse,
663 1347 741 1428 ,sibi
770 1347 896 1411 mirum
920 1348 1045 1429 videri,
1070 1347 1153 1431 quid
1176 1348 1211 1411 in
1230 1367 1299 1412 ‚sua
1323 1347 1450 1428 Gallia,
1483 1366 1588 1430 quam

447 1450 540 1516 bello
569 1452 724 1533 vicisset,
758 1456 819 1517 aut
842 1451 988 1518 Caesari
1020 1457 1082 1517 aut
1114 1453 1255 1518 omnino
1278 1454 1407 1536 populo
1429 1453 1587 1517 Romano

446 1557 579 1638 negotii
601 1558 704 1623 esset‘
728 1556 767 1638 (Ι,
792 1556 843 1638 34,
868 1557 917 1642 4),
941 1556 1133 1622 Caesarem
1155 1558 1292 1640 legatos
1316 1576 1396 1623 cum
1419 1557 1474 1621 his
1492 1576 1586 1621 man-

444 1661 536 1726 datis
560 1663 606 1727 ad
629 1663 670 1727 A.
694 1661 840 1743 misisse,
865 1663 903 1744 ,si
927 1681 998 1726 non
1021 1663 1238 1746 impetraret,
1271 1682 1319 1745 se,
1343 1663 1509 1746 quoniam
1541 1663 1586 1727 M.

445 1767 599 1832 Messala
631 1768 676 1831 M.
709 1766 836 1832 Pisone
868 1768 1070 1832 consulibus
1111 1772 1255 1833 senatus
1283 1767 1487 1849 censuisset,
1528 1766 1587 1847 uti,

444 1872 645 1954 quicunque
669 1869 822 1937 Galliam
843 1871 1066 1955 provinciam
1084 1872 1268 1955 obtineret,
1292 1872 1384 1954 quod
1405 1871 1588 1936 commodo

447 1976 501 2040 rei
530 1976 697 2059 publicae
726 1976 848 2042 iacere
880 1981 1009 2060 posset,
1032 1977 1175 2042 Aeduos
1211 1980 1419 2059 ceterosque
1454 1977 1588 2042 amieos

443 2081 564 2165 populi
596 2081 746 2146 Romani
778 2081 992 2163 defenderet,
1016 2082 1219 2147 Aeduorum
1251 2081 1397 2147 iniurias
1428 2100 1499 2146 non
1529 2100 1588 2146 ne·

442 2185 651 2267 glocturum‘
675 2184 717 2271 (Ι,
742 2185 793 2267 35,
817 2185 865 2269 4),
891 2185 1081 2251 Caesarem
1113 2187 1345 2252 vehementer
1376 2187 1505 2251 milites
1538 2187 1588 2250 in·

446 2291 638 2372 eusavisse,
672 2288 948 2373 ,primumquod
973 2296 1034 2356 aut
1064 2309 1168 2373 quam
1194 2291 1228 2355 in
1261 2296 1399 2375 partem
1431 2298 1493 2355 aut
1519 2310 1587 2373 quo

442 2395 588 2459 consilio
622 2395 843 2476 ducerentur,
883 2395 949 2459 sibi
982 2395 1222 2477 quaerendum
1255 2401 1317 2460 aut
1359 2395 1587 2478 cogitandum

442 2503 620 2584 putarent‘
644 2498 687 2583 (I,
710 2500 763 2582 40,
788 2500 834 2586 1),
860 2504 895 2565 et
918 2505 957 2566 ut
979 2500 1137 2582 haberet,
1160 2500 1254 2566 unde
1276 2501 1370 2565 infra
1393 2501 1587 2566 orationem

445 2626 467 2671 a
490 2625 528 2671 se
551 2607 673 2671 fictam
695 2605 809 2688 magis
833 2611 978 2671 ornaret
1001 2603 1070 2691 (38,
1094 2604 1163 2692 41).

545 2763 828 2830 Consentaneum
849 2769 901 2829 est
916 2766 977 2847 eis,
997 2782 1088 2847 quae
1102 2769 1209 2829 antea
1223 2764 1373 2847 dixerat,
1397 2763 1589 2831 Caesarem

441 2887 643 2936 convocare
668 2870 892 2935 centuriones
915 2887 960 2934 ae
982 2870 1183 2952 praefectos
1206 2868 1323 2955 (Caes
1347 2870 1373 2951 I,
1396 2868 1467 2955 40),
1491 2870 1586 2952 quod

437 2975 486 3042 'ab
510 2974 560 3038 eis
583 2977 699 3037 motus
723 2978 819 3037 ortus
842 2978 930 3038 erat.
971 2972 1039 3037 Dio
1062 2974 1229 3038 hocloco
1252 2991 1373 3038 rursus
1396 2972 1588 3039 Caesarem

440 3086 583 3145 secutus
607 3096 688 3143 cum
711 3079 858 3143 miretur
881 3097 962 3143 eum
984 3079 1219 3160 centuriones
1243 3097 1313 3142 non
1336 3078 1475 3160 milites,
1499 3097 1587 3161 quos

442 3187 606 3249 auctores
630 3200 707 3248 esse
730 3183 806 3266 ipse
828 3187 964 3263 narrat,
987 3200 1126 3266 cogere,
1150 3183 1194 3248 de
1218 3202 1280 3248 suo
1304 3183 1406 3247 huius
1429 3182 1482 3248 rei
1505 3201 1588 3249 cau·

441 3306 517 3352 sam
536 3287 645 3369 fingit,
670 3305 762 3371 quae
786 3306 892 3371 quam
912 3287 1068 3352 absurda
1086 3288 1141 3369 sit,
1164 3288 1234 3353 iam
1250 3288 1387 3353 Melber
1405 3289 1589 3355 admonuit

440 3391 490 3479 (p.
515 3392 582 3479 72).
629 3391 731 3458 Talia
754 3393 847 3457 enim
879 3394 1041 3458 invenire
1073 3398 1126 3458 est
1157 3394 1271 3487 minus
1293 3392 1363 3457 viri
1394 3394 1515 3476 magni
1536 3394 1588 3459 in·

440 3497 535 3581 genii
567 3515 700 3580 usuque
732 3497 847 3580 periti,
880 3504 917 3561 ut
951 3498 1086 3562 iudicat
1112 3498 1292 3564 Micalella
1324 3497 1374 3583 (p.
1398 3498 1450 3563 43.
1479 3518 1513 3564 n.
1539 3498 1586 3583 1),

439 3620 545 3685 quam
577 3602 671 3666 iutra
702 3601 955 3667 bibliothecam
989 3602 1101 3667 clausi
1129 3607 1165 3667 et
1196 3604 1232 3666 in
1265 3603 1482 3686 argumentis
1514 3604 1587 3669 suis

439 3707 673 3788 congerendis
696 3707 794 3771 nulla
817 3723 935 3771 rerum
959 3706 1098 3772 ratione
1125 3706 1250 3772 habita
1273 3712 1412 3773 tantum
1436 3708 1587 3790 logicae,

439 3830 531 3896 quae
555 3810 694 3893 dicitur,
718 3811 804 3876 artis
827 3815 1024 3894 praecepta
1048 3812 1237 3894 sequentis

543 3970 606 4036 His
629 3989 675 4035 ex
697 3971 829 4037 eisdem
858 3972 964 4037 rebus
992 3971 1150 4036 cernitur
1172 3971 1250 4036 veri
1278 3971 1382 4036 simili
1409 3989 1479 4035 non
1507 3989 1587 4038 esse

438 4075 535 4155 illud,
568 4076 661 4158 quod
684 4074 865 4141 Schwartz
899 4075 1064 4158 opinatur
1097 4073 1146 4161 (p,
1174 4074 1401 4161 170031708)
1434 4075 1587 4141 Dionem

437 4180 506 4247 hoc
529 4181 606 4246 loco
629 4180 770 4245 Livium
798 4187 957 4246 secutum
987 4181 1146 4245 consulto
1170 4180 1207 4244 id
1229 4180 1356 4262 egisse,
1392 4185 1432 4244 ut
1455 4180 1587 4246 dissen-

437 4286 519 4352 tiret
541 4304 564 4352 a
584 4286 757 4369 scriptore
780 4284 933 4367 quodam
961 4284 1103 4349 inimico
1132 4285 1316 4350 nobilibus
1368 4285 1502 4366 Quibus
1526 4304 1585 4351 ex·

435 4396 550 4457 trema
570 4389 693 4455 Dionis
716 4390 828 4455 oratio
851 4390 994 4461 minime
1017 4390 1114 4454 laudi
1137 4394 1201 4458 est.
1246 4391 1409 4468 Accedit,
1437 4395 1476 4455 ut
1499 4390 1586 4457 an-

433 4514 496 4561 sar
529 4496 687 4562 tribunos
723 4497 1017 4580 centurionesque
1049 4499 1223 4561 convocet
1265 4514 1335 4560 nou
1366 4496 1456 4579 ideo,
1491 4497 1586 4581 quod
