3792 5250
434 625 452 675 ⁸
922 620 945 688 4

361 831 514 914 vestigia
523 831 667 897 subesse
683 837 832 897 conatur
844 833 1099 909 demonstrare.
1111 871 1152 881 -
1165 831 1347 895 Eiohheim
1357 831 1394 895 in
1406 831 1505 896 libris

362 936 433 1000 suis
445 934 479 1019 ¹),
503 940 542 1001 ut
565 955 671 1020 quam
694 942 792 1002 reete
816 942 923 1020 neget
942 936 1105 1003 Caesaris
1128 937 1392 1000 commentariis
1410 937 1506 1018 quid-

362 1059 469 1124 quam
501 1043 578 1107 veri
611 1042 727 1108 inesse
760 1043 934 1124 ostendat,
977 1042 1095 1107 multis
1127 1040 1215 1106 locis
1248 1040 1368 1104 Dionis
1399 1059 1506 1124 opere

362 1137 495 1212 nititur.
519 1183 561 1194 -
585 1145 824 1228 Grassh0fi02)
847 1147 914 1212 Dio
938 1147 1094 1231 pendere
1119 1146 1260 1211 videtur
1283 1165 1328 1210 ex
1350 1145 1452 1210 Livio
1471 1150 1507 1210 et

276 1331 278 1335 ι
363 1249 527 1316 Caesaris
550 1252 813 1317 commentariis
837 1258 872 1317 et
889 1251 1002 1317 Asinii
1019 1251 1186 1315 Pollionis
1209 1251 1356 1315 historIa
1379 1269 1451 1314 uso.
1465 1287 1505 1296 —

364 1355 406 1423 G.
439 1355 594 1422 Thouret
603 1355 628 1438 ³)
663 1358 730 1422 etsi
761 1357 889 1423 ceteris
920 1358 995 1422 fere
1029 1357 1065 1421 in
1097 1356 1203 1422 rebus
1235 1355 1507 1420 commentarios

362 1461 495 1526 fontem
518 1461 641 1527 Dionis
664 1462 782 1544 fuisse,
810 1469 930 1527 tamen
954 1461 1049 1526 huno
1071 1461 1107 1524 in
1131 1460 1365 1525 describenda
1387 1476 1507 1543 pugna

363 1582 444 1630 oum
466 1565 646 1631 Ariovisto
680 1567 867 1632 commissa
901 1566 1010 1630 alium
1043 1566 1219 1648 quendam
1251 1569 1433 1629 auctorem
1456 1581 1507 1628 se·

364 1674 484 1735 cutum
507 1688 585 1736 esse
609 1670 799 1739 existimat.
823 1707 863 1718 -
887 1670 949 1752 Ea,
974 1688 1065 1753 quae
1088 1669 1272 1734 Eiohheim
1295 1669 1332 1732 in
1355 1668 1508 1733 medium

363 1775 443 1857 fert,
475 1775 522 1839 ad
550 1776 725 1840 rationem
753 1775 933 1858 quandam
964 1775 1127 1857 redigere
1155 1780 1303 1838 conatus
1325 1772 1508 1837 Rauehen-

364 1879 455 1946 stein
465 1877 491 1960 ⁴)
522 1883 558 1945 et
580 1879 656 1963 ipse
678 1881 848 1945 nonnulla
871 1879 996 1945 Dionis
1019 1898 1064 1944 ex
1088 1878 1189 1944 Livio
1211 1878 1408 1962 repetenda
1431 1895 1508 1941 esse

364 1985 569 2051 arbitratur.

469 2090 583 2155 Aliter
614 2094 721 2173 atque
754 2089 791 2154 hi
820 2108 940 2154 omnes
976 2089 1020 2154 de
1052 2089 1123 2153 hae
1149 2106 1189 2153 re
1215 2088 1349 2171 primus
1372 2085 1509 2152 oensuit

365 2192 406 2261 D.
435 2193 476 2261 G.
504 2192 750 2277 Jelgersmai),
787 2195 847 2278 qui
883 2212 991 2258 unum
1021 2193 1144 2258 Dionis
1180 2193 1314 2258 fontem
1346 2190 1509 2258 Caesaris

357 2299 638 2364 ,commentarios
660 2299 767 2364 fuisse
791 2299 963 2382 exposuit.
1010 2298 1125 2380 Quam
1152 2297 1365 2362 sententiam
1397 2297 1509 2360 solam

365 2409 503 2470 rectam
527 2423 604 2470 esse
624 2404 837 2488 videbimus3
861 2405 923 2470 sed
947 2404 1093 2469 nimiam
1116 2404 1259 2468 laudem
1283 2402 1366 2466 huie
1389 2401 1509 2465 libello

366 2509 410 2574 H.
442 2509 564 2593 Haupt
574 2509 599 2591 6)
634 2509 798 2575 tribuisse
831 2510 983 2577 videtur.
1028 2509 1229 2591 Jelgersma
1263 2506 1357 2572 enim
1389 2525 1509 2590 quam-

366 2615 422 2681 VIs
444 2634 576 2699 magna
599 2619 718 2682 utatur
740 2615 925 2699 diligentia
948 2634 993 2680 ae
1015 2614 1221 2697 subtilitate,
1244 2621 1364 2679 tamen
1387 2612 1509 2695 multa,

320 2709 324 2714 ⁴
368 2740 459 2805 quae
478 2740 558 2786 eum
577 2722 643 2787 Dio
663 2720 805 2787 Cassius
824 2727 885 2786 aut
904 2721 974 2786 alio
994 2725 1101 2803 atque
1117 2718 1251 2785 Caesar
1268 2720 1371 2784 modo
1390 2718 1511 2783 tradat

368 2830 430 2890 aut
462 2826 605 2891 tradere
635 2826 811 2910 videatur,
846 2807 929 2891 sunt'
960 2825 1176 2906 disserenda,
1209 2824 1350 2888 omnino
1381 2823 1509 2887 omittit

367 2930 527 3014 plurimis
562 2931 599 2995 in
633 2930 804 2996 eiusmodi
840 2931 927 2996 loeis
958 2931 996 2994 in
1028 2930 1182 2995 medium
1219 2929 1361 3013 quidem
1392 2928 1511 2992 allatis

365 3036 502 3100 'nullam
524 3037 701 3102 tollendae
724 3037 817 3102 illius
840 3036 1059 3101 difficultatis
1090 3036 1263 3101 rationem
1294 3034 1383 3098 inire
1408 3050 1511 3097 oona-

369 3144 442 3224 tur3
474 3141 567 3223 quod
595 3140 654 3205 ubi
684 3142 782 3224 facit,
818 3159 861 3207 ea
890 3142 1098 3225 plerumque
1129 3140 1296 3223 neglexit,
1330 3157 1421 3221 quae
1447 3157 1511 3202 nos

368 3244 473 3310 hodie
503 3248 642 3329 magnis
676 3248 707 3312 ei
737 3247 936 3331 quaestioni
967 3247 1087 3312 allatis
1118 3244 1346 3311 incrementis
1379 3244 1511 3309 deside-

370 3393 578 3401 ——...-......-

474 3461 495 3529 ι)
514 3459 571 3515 Die
585 3458 714 3530 Kampfe
728 3459 782 3514 der
791 3459 954 3529 Helvetier,
969 3459 1088 3514 Sueben
1102 3459 1161 3513 und
1171 3458 1289 3529 Belgier
1302 3474 1400 3528 gegen
1411 3457 1511 3512 Casas.

370 3547 453 3604 Neue
481 3547 696 3619 Schlaglichter
723 3547 776 3603 auf
798 3548 856 3603 alte
882 3548 1089 3616 Geschichten,
1117 3546 1258 3618 Neuburg
1283 3547 1364 3614 1866;
1390 3562 1415 3599 2.
1435 3543 1512 3599 Auss.

371 3637 513 3708 Neuburg
532 3638 608 3708 1876.

474 3726 495 3794 ²)
506 3724 552 3780 De
562 3723 689 3780 fontibus
699 3734 729 3780 et
737 3724 908 3780 auctoritate
919 3723 1023 3780 Dionis
1034 3724 1127 3781 Cassii
1133 3724 1297 3796 Cocceiani,
1307 3725 1428 3780 Bonnae
1437 3724 1511 3794 1876.

475 3814 495 3881 ³)
506 3812 552 3867 De
562 3812 715 3882 Cicerone,
727 3811 831 3867 Asinio
842 3813 982 3881 Pollione,
1001 3812 1033 3867 C.
1044 3812 1143 3883 Oppio
1152 3829 1253 3867 rerum
1264 3812 1512 3869 Caesarianarum

371 3900 579 4057 “lilii
593 3900 985 4060 iiiltgffitlttlgltsst
1005 3901 1261 4057 lutam
1277 3902 1357 4044 eit?
1373 3988 1513 4043 ntia

372 4074 599 4147 Untersuchung
613 4077 665 4131 mit
678 4076 762 4133 einer
772 4078 1038 4148 vorausgehenden
1051 4078 1251 4148 Abhandlung
1263 4078 1336 4132 tiber
1348 4076 1395 4131 die
1407 4077 1512 4132 Glaub·

372 4163 548 4235 wurdigkeit
574 4165 628 4220 der
647 4164 886 4221 Commentarien
907 4166 1015 4221 Casars
1042 4165 1115 4221 iiber
1142 4167 1199 4221 den
1227 4165 1389 4237 gallIschen
1412 4163 1513 4234 Krieg,

372 4250 481 4307 zurich
501 4252 577 4308 1882.

475 4342 497 4410 ⁶)
515 4340 561 4396 De
587 4340 646 4395 fide
674 4348 704 4395 et
729 4341 901 4397 auctoritate
928 4340 1031 4396 Dionis
1058 4339 1152 4396 Cassii
1180 4340 1345 4411 Cocceiani,
1377 4339 1510 4411 Lugduni

374 4429 553 4484 Batavorum
573 4430 648 4500 1879.

476 4517 497 4585 ⁸)
512 4515 731 4589 Jahresbericht
743 4533 779 4571 zu
799 4515 855 4570 Dio
873 4515 1001 4585 Cassius,
1021 4516 1196 4588 Philologus
1213 4516 1314 4586 XLIII,
1333 4535 1360 4588 p.
1379 4518 1439 4587 679.
