3792 5250
966 633 1009 703 118

883 726 1091 738 -ι--η

415 843 469 907 καὶ
491 839 641 919 ἐλάττους
670 840 720 908 αἐὶ
746 843 919 928 γιγνόμενοι
947 848 1062 931 ῥαδίως
1089 850 1416 931 περιεστοιχίσθησαν
1449 848 1482 929 (7
1516 848 1562 927 3).

414 949 605 1015 Rhetorica
638 956 757 1016 autem
789 952 965 1018 antitheta
997 956 1170 1036 appetens
1204 953 1279 1036 ipse
1311 953 1410 1018 addit
1441 954 1562 1021 hostes

414 1073 479 1138 pro
503 1057 722 1120 abundantia
751 1076 902 1138 suorum,
935 1058 1074 1140 siquos
1098 1058 1308 1138 amisissent,
1341 1078 1385 1124 ne
1408 1061 1562 1126 sensisse

415 1162 555 1243 quidem
580 1162 640 1246 (ef.
666 1162 766 1228 Caes.
787 1165 826 1231 V.
845 1163 897 1244 42,
921 1165 957 1228 4:
982 1182 1063 1246 ,qua
1086 1164 1227 1246 quidem
1250 1183 1295 1229 ex
1318 1182 1357 1230 re
1379 1165 1561 1230 hominurn

414 1267 600 1331 multitudo
624 1268 791 1349 cognosci
812 1268 964 1354 potuit‘).

518 1390 548 1436 6.
575 1371 605 1438 8.
651 1372 702 1453 Id,
726 1374 818 1455 quod
838 1372 972 1439 Caesar
995 1373 1104 1438 tradit
1128 1373 1181 1455 (V.
1197 1372 1250 1454 45,
1268 1374 1299 1453 t)
1322 1373 1359 1437 in
1383 1374 1458 1439 dies
1481 1394 1562 1458 gra-

413 1475 550 1540 viorem
574 1481 680 1558 atque
704 1478 921 1559 asperiorem
945 1478 1053 1543 fuisse
1077 1478 1387 1561 oppugnationem,
1410 1479 1477 1543 Dio
1497 1499 1562 1545 suo

414 1582 517 1644 modo
540 1585 691 1646 exornat
722 1599 797 1646 rem
820 1600 940 1646 rursus
973 1583 1023 1646 ita
1047 1583 1261 1662 describens,
1294 1587 1333 1647 ut
1354 1584 1431 1648 fieri
1454 1585 1561 1652 solet:

414 1685 464 1765 ,11
496 1690 568 1749 tam
601 1684 783 1768 insperata
807 1686 987 1751 obsidione
1020 1705 1090 1750 non
1119 1686 1205 1752 satis
1236 1687 1403 1752 frumenti
1435 1708 1562 1773 suppe-

414 1790 552 1855 ditabat
580 1791 685 1872 (quod
709 1809 789 1855 cum
812 1792 848 1855 in
872 1792 1033 1856 omnibus
1060 1793 1135 1857 fere
1159 1792 1397 1858 obsidionibus
1420 1812 1561 1878 cernas,

329 1886 331 1889 ’
414 1896 580 1978 exempla
614 1897 741 1961 afferre
778 1915 1086 1979 supervacaneum
1123 1897 1191 1978 sit),
1228 1916 1331 1962 nemo
1370 1904 1458 1980 erat,
1499 1902 1563 1983 qui

414 1999 545 2063 auxilio
577 1999 725 2081 veniret,
758 2001 910 2065 vulnera
942 2005 1088 2084 propter
1120 2001 1275 2084 inopiam
1298 2019 1417 2066 rerum
1439 2022 1562 2069 16663-

413 2105 587 2168 sariarum
620 2121 746 2170 curare
780 2124 849 2169 non
881 2108 1068 2188 poterant‘.
1113 2106 1169 2169 Ad
1192 2105 1260 2170 hoc
1282 2106 1442 2172 ultimum
1467 2127 1562 2173 eom-

413 2210 596 2274 mentariis
628 2229 765 2293 quoque
798 2211 973 2275 adductus
997 2215 1064 2278 est:
1099 2229 1241 2294 ,magna
1273 2218 1376 2295 parte
1408 2214 1561 2281 militum

413 2315 577 2379 confecta
600 2314 819 2379 vulneribus‘
843 2315 900 2400 (V.
924 2315 977 2397 45,
1000 2316 1048 2402 1).

516 2420 620 2502 Apud
652 2419 802 2484 Dionem
834 2438 939 2503 porro
972 2420 1121 2503 legimus
1154 2421 1323 2486 Nervium
1356 2423 1465 2506 illum,
1500 2428 1561 2508 qui

413 2524 559 2589 Caesari
586 2525 776 2589 obsidionis
808 2527 965 2590 nuntium
996 2526 1178 2608 afferebat,
1212 2530 1357 2610 propter
1383 2528 1561 2595 beneficia

413 2636 564 2713 accepta
595 2630 762 2695 Romanis
795 2632 885 2697 bene
918 2633 1088 2712 voluisse,
1127 2651 1206 2696 oum
1238 2633 1333 2715 apud
1366 2633 1561 2702 Caesarem

413 2737 499 2800 nihil
522 2736 692 2819 seriptum
721 2736 766 2801 sit
793 2738 860 2801 nisi
888 2756 909 2801 a
933 2737 1048 2819 prima
1072 2739 1252 2803 obsidione
1280 2740 1326 2803 ad
1350 2739 1561 2807 Ciceronem

412 2842 510 2905 illum
543 2840 740 2924 profugisse
773 2840 906 2925 (11411,
935 2840 983 2925 2).
1035 2842 1102 2906 Ι)16
1133 2843 1280 2907 miratus
1312 2844 1347 2908 in
1380 2848 1561 2911 communi

413 2946 611 3011 defectione
627 2946 722 3009 hunc
740 2964 847 3010 unum
865 2947 896 3010 N
899 2948 1036 3011 ervium
1057 2946 1189 3033 (Caesz
1213 2948 1318 3032 unus)
1338 2950 1372 3012 in
1389 2949 1561 3018 Romanis

413 3052 540 3116 castris
571 3055 753 3115 versatum
788 3069 865 3116 esse
898 3070 1043 3115 causam
1076 3053 1120 3117 de
1151 3070 1213 3116 suo
1246 3053 1358 3131 addit,
1391 3055 1560 3121 nimirum

413 3157 562 3221 eandem
591 3174 696 3237 quam
725 3159 842 3236 antea,
875 3156 935 3220 ubi
958 3156 1083 3238 quibus
1112 3157 1217 3221 rebus
1240 3158 1385 3222 adducti
1407 3159 1560 3227 Romani

413 3260 607 3344 Ambiorigi
640 3260 926 3325 benevolentiam
960 3261 1139 3325 simulanti
1178 3263 1283 3327 fidem
1314 3266 1561 3345 praestiterint

413 3367 572 3449 exponit:
596 3367 788 3446 ,benefieiis
811 3366 978 3430 Romanis
1002 3367 1178 3449 obligatus
1202 3371 1299 3434 erat‘.
1346 3370 1425 3434 Hac
1448 3390 1494 3435 ex
1518 3390 1561 3437 ro

412 3472 490 3554 ipsa
521 3490 586 3553 per
617 3490 654 3535 36
690 3472 819 3553 exigua
856 3472 971 3536 denuo
1007 3472 1233 3554 perspicuum
1264 3477 1317 3537 631
1348 3492 1490 3557 semper
1521 3483 1561 3543 et

411 3578 541 3660 ubique
564 3578 713 3641 Dionem
735 3595 854 3642 rerum
887 3596 1014 3642 causas
1043 3582 1149 3659 atque
1177 3578 1304 3642 3611611
1327 3579 1560 3666 investigare,

412 3685 527 3747 altera
550 3684 586 3745 iu
600 3687 702 3765 parte
721 3683 922 3746 cavendum
941 3702 1028 3763 esse,
1053 3702 1098 3747 ne
1114 3683 1259 3747 alterius
1279 3684 1384 3748 fontis
1402 3688 1561 3770 vestigia

412 3787 584 3852 eiusmodi
606 3804 664 3851 res
688 3786 910 3852 arbitremur.
957 3787 1062 3852 Velut
1085 3787 1121 3851 in

516 3891 588 3958 69
622 3890 795 3956 Crasshof
819 3896 864 3975 (p.
893 3890 947 3972 20)
982 3892 1125 3956 minime
1156 3893 1232 3956 iure
1265 3899 1460 3958 commotus
1492 3902 1561 3980 est,

412 4003 450 4060 ut
480 4001 680 4079 propterea,
716 3997 807 4078 quod
841 3997 907 4060 Dio
941 3998 1035 4060 solus
1066 3997 1222 4077 tradidit,
1261 4016 1330 4079 qua
1364 4000 1408 4063 de
1445 4019 1562 4067 causa

413 4101 546 4165 Caesar
577 4101 727 4183 equitem
761 4102 938 4182 quendam
962 4120 981 4166 e
1005 4102 1119 4181 sociis,
1153 4121 1221 4165 non
1254 4103 1423 4168 Nervium
1456 4105 1561 4172 illum

412 4207 458 4270 ad
481 4206 688 4271 Ciceronem
711 4207 870 4287 misisset,
906 4208 1056 4272 alterum
1079 4208 1211 4272 fontem
1235 4209 1441 4290 suspicetur.
1488 4211 1561 4278 Dio

413 4313 504 4376 611111
534 4312 609 4394 ipse
632 4330 654 4375 a
677 4330 715 4375 se
743 4312 890 4394 quaerit,
924 4314 1049 4395 quibus
1080 4314 1196 4377 causis
1219 4313 1352 4378 Caesar
1380 4315 1562 4384 adductus

412 4417 466 4496 sit,
490 4421 527 4479 ut
550 4417 647 4479 iilum
664 4417 844 4495 Neruium,
869 4436 1207 4499 unamquamquam
1231 4419 1369 4482 deditus
1388 4418 1561 4488 Romanis

413 4525 514 4602 esset,
547 4522 649 4584 modo
672 4540 712 4586 re
735 4522 914 4602 docuerat,
947 4540 1017 4585 non
1044 4522 1254 4605 remitteret3
1288 4524 1445 4589 timuisse
1475 4544 1562 4593 eum
