3792 5250
479 876 613 943 Causas
646 879 807 961 denique,
839 899 903 945 cur
926 880 1061 947 Caesar
1087 881 1122 945 in
1151 881 1307 948 Galliam
1337 901 1519 966 regressus

373 988 476 1062 esset,
502 983 568 1047 Dio
593 1002 715 1048 omnes
738 985 886 1068 sumpsit
909 1004 929 1050 e
952 986 1226 1054 commentariis.

446 1190 514 1259 Dio
536 1191 562 1258 l.
585 1193 641 1275 40,
664 1210 695 1259 c.
719 1193 845 1274 1-11;
868 1193 1012 1260 31-41.
1057 1193 1153 1261 Caes.
1176 1196 1211 1261 b.
1234 1213 1268 1278 g.
1290 1194 1445 1262 v-vll.

477 1350 543 1415 Dio
568 1371 597 1419 c.
623 1353 654 1417 1.
699 1354 860 1417 Alteram
895 1352 1059 1418 Caesaris
1092 1353 1128 1417 in
1161 1353 1382 1419 Britanniam
1415 1372 1519 1437 expo-

374 1454 541 1520 ditionem
575 1475 724 1526 narrare
757 1458 824 1522 Dio
856 1458 907 1522 ita
939 1457 1074 1541 incipit,
1107 1463 1155 1539 ut,
1187 1460 1270 1542 quid
1301 1458 1377 1541 ipse
1405 1459 1448 1523 de
1476 1477 1520 1523 ea

374 1560 518 1643 sentiat,
550 1567 751 1646 expromat,
796 1563 940 1646 eiusque
978 1581 1105 1627 causas
1142 1563 1321 1628 describat
1356 1581 1400 1628 ea
1436 1581 1519 1627 usus

373 1666 534 1747 formula,
569 1685 675 1749 quam
703 1668 858 1733 maxime
890 1667 925 1730 in
956 1667 1091 1732 deliciis
1114 1667 1223 1732 habet
1245 1685 1384 1750 quaque
1412 1686 1519 1750 quom

374 1769 513 1853 penitus
536 1788 593 1836 res
616 1773 766 1853 noverit,
790 1772 942 1855 superbo
966 1772 1119 1854 quodam
1142 1773 1260 1837 animo
1284 1773 1517 1837 demonstrat:

277 1934 282 1941 .
374 1873 540 1959 πρόηασιν
561 1886 621 1960 μιν
634 1913 675 1922 -
691 1878 769 1961 ἔργῳ
788 1877 833 1945 δέ.
880 1876 981 1958 Quae
1004 1877 1086 1940 dum
1109 1877 1206 1957 facit,
1229 1878 1322 1942 idem
1345 1877 1520 1942 satisfacit

375 1979 435 2062 eis,
459 1999 561 2062 quae,
585 1981 645 2044 ubi
663 1981 707 2045 de
726 1981 835 2064 ipsius
854 1981 1071 2064 excerpendi
1093 1982 1232 2047 ratione
1254 1982 1398 2062 iudicat,
1422 2000 1444 2045 a
1461 2000 1519 2047 res

375 2085 550 2168 scripturo
574 2086 765 2153 desiderat:
795 2086 847 2150 καί
868 2082 927 2170 γάρ
948 2088 1002 2150 καὶ
1023 2086 1192 2161 παίδευσις
1214 2083 1373 2168 ἐντούτῳ
1395 2083 1437 2150 τά
1458 2111 1519 2170 μα-

373 2189 467 2254 λισια
483 2181 566 2255 εἶναί
578 2214 633 2273 μοι
648 2193 739 2270 δοκεῖ,
762 2186 841 2256 ὅταν
858 2215 905 2268 τις
925 2188 968 2256 τά
992 2187 1067 2274 ἔργα
1088 2195 1153 2267 τοῖς
1174 2192 1332 2273 λογισμοῖς
1354 2188 1518 2273 aaroni

373 2291 432 2385 τήν
462 2318 498 2359 τε
529 2292 655 2361 ἐκείνων
685 2294 783 2382 φύσιν
815 2293 848 2360 ἐκ
880 2293 1003 2361 τούτων
1032 2293 1140 2383 ε’λέγχη
1167 2297 1220 2359 καὶ
1248 2293 1378 2371 τούτους
1403 2293 1438 2359 ἐκ
1464 2299 1520 2386 τῆς

374 2397 500 2466 ἐκείνων
521 2398 686 2485 ὁμολογίας
708 2405 870 2488 τεκμηριοῖ
889 2401 957 2488 (46,
981 2401 1033 2483 35,
1059 2402 1106 2485 1).
1152 2401 1226 2465 llis
1248 2401 1382 2468 verbis:
1407 2399 1439 2476 ἐς
1461 2399 1533 2492 την,

375 2509 575 2588 Βρεταννιάν
606 2493 704 2581 αὖθις
735 2502 915 2592 ἐπαιρώίλη,
948 2503 1113 2589 πρόφασιν
1143 2510 1204 2588 μὲν
1234 2500 1282 2570 ὅτι
1312 2502 1357 2592 μη
1389 2503 1537 2581 πάντας
1642 2554 1648 2566 .

374 2607 447 2686 τούς
473 2607 616 2702 ὁμήρους,
648 2606 700 2687 οὓς
728 2608 905 2694 ίπίσχονιό
933 2609 972 2693 οἱ,
1004 2611 1167 2697 ἔπεμψαν,
1201 2615 1382 2695 νομίζοντες
1409 2607 1521 2693 αὐτὸν,

375 2715 423 2781 ὅτι
445 2715 500 2781 διά
529 2720 618 2808 κενῆς
643 2716 717 2783 τότε
743 2714 942 2804 ἀνεχώρησε,
961 2726 1071 2803 μηκέτι
1099 2704 1198 2793 αὖθίς
1227 2736 1319 2803 σιμον
1347 2714 1521 2800 πειράσειν,

376 2820 599 2911 ποιησάμενος,
632 2819 709 2908 ἔργῳ
731 2826 768 2888 δὲ
790 2824 898 2898 δεινῶς
918 2823 974 2913 τῆς
995 2819 1094 2912 νῆσον
1117 2820 1289 2905 ἐφιέμενος,
1322 2814 1405 2886 ὥστε
1427 2820 1456 2885 εἰ
1475 2819 1520 2913 μη

376 2929 427 2992 καὶ
454 2931 549 2993 vetuo
576 2916 625 3018 ἦν,
655 2926 786 3003 πάντας
816 2922 858 2991 άν
889 2923 990 3013 άλλην
1019 2923 1093 2991 ιινά
1128 2929 1247 3016 σκῆψιν
1279 2923 1381 3009 εὑρεῖν
1412 2924 1459 3011 (1,
1482 2925 1519 3009 2)

376 3033 463 3098 nihil
496 3033 591 3097 aliud
623 3033 740 3116 prodit
763 3050 869 3115 quam
893 3032 1080 3114 quodiam
1112 3032 1328 3115 saepissime,
1362 3032 1518 3095 velutin

376 3139 618 3203 Helvetiorum
643 3144 677 3203 et
699 3137 869 3202 Ariovisti
892 3137 984 3201 bello
1008 3136 1251 3217 describenda
1275 3136 1430 3218 tradidit,
1453 3137 1520 3216 hoc

377 3263 445 3308 uno
477 3243 607 3325 addito,
643 3247 680 3307 ut
711 3242 803 3306 idem
835 3241 969 3305 referat
1002 3241 1048 3304 ad
1081 3241 1341 3323 expeditionem
1375 3240 1410 3304 in
1444 3241 1517 3305 Bri-

378 3348 537 3413 tanniam
561 3350 704 3413 factam.

481 3508 511 3553 c.
535 3488 565 3555 2.
615 3490 655 3553 Id
688 3488 779 3571 quod
812 3486 879 3550 Dio
912 3489 1036 3549 narrat
1068 3483 1256 3548 Britannos
1288 3502 1520 3567 quaeeunque

377 3595 532 3678 pretiosa
564 3594 771 3674 habuerint,
813 3591 1003 3655 contulisse
1034 3590 1070 3653 in
1102 3589 1212 3653 silvas
1245 3590 1394 3670 vicinas,
1426 3590 1521 3672 apud

378 3699 568 3763 Caesarem
588 3718 656 3762 non
675 3697 860 3780 reperitur.
900 3694 1180 3776 Eyssenhardtio
1200 3698 1329 3773 antem,
1349 3694 1408 3776 qui
1427 3693 1522 3757 hane

378 3805 653 3886 discrepantiam
682 3803 760 3866 ideo
792 3803 920 3865 afferre
948 3800 1091 3864 videtur
1124 3798 1173 3885 (p.
1197 3796 1289 3880 ma),
1321 3802 1359 3862 ut
1383 3798 1522 3861 demon-

378 3914 466 3974 stret
489 3910 597 3972 t'also
621 3906 811 3973 Caesarem
834 3906 978 3971 tradere
1001 3902 1058 3988 (V.
1082 3902 1113 3985 9,
1136 3903 1174 3988 4)
1198 3903 1387 3968 Britannos
1410 3920 1432 3965 a
1455 3902 1518 3966 Ro-

381 4032 562 4078 manorum
581 4012 740 4095 equitatu
760 4012 879 4094 pulsos
892 4009 1150 4093 quodammodo
1170 4008 1344 4089 fugientes
1357 4012 1463 4089 atque
1485 4007 1523 4070 vi

378 4124 522 4184 coactos
545 4118 580 4182 in
603 4118 675 4198 illa,
699 4135 790 4199 quae
808 4116 900 4179 forte
918 4114 989 4177 iam
1008 4118 1115 4179 antea
1130 4115 1280 4194 fuerant,
1303 4112 1522 4176 munimenta

378 4244 416 4289 se
431 4225 617 4307 recepisse,
641 4224 703 4287 sed
722 4240 760 4287 re
773 4239 860 4286 vera
870 4220 1061 4284 seeundum
1075 4219 1196 4284 Dionis
1212 4217 1453 4281 narrationem
1475 4215 1521 4279 ad

379 4332 493 4414 ipsum
533 4328 794 4394 defendendum
826 4343 870 4390 ea
902 4324 1142 4389 construxisse
1177 4322 1370 4403 eodemque
1402 4320 1520 4383 omnia

380 4454 444 4500 sua
468 4434 667 4514 contulisse,
692 4433 758 4496 hoc
781 4448 971 4514 opponam:
1005 4429 1162 4494 caruisse
1186 4427 1334 4490 Dionem
1358 4423 1418 4489 illo
1442 4443 1520 4488 eon·

380 4541 456 4607 silio
480 4547 515 4605 ct
534 4540 592 4604 hic
610 4556 748 4623 quoque
766 4535 1055 4608 consuetudinem
1074 4551 1174 4599 snam
1192 4532 1363 4598 nonnulla
1380 4547 1520 4616 semper
