<?xml version="1.0" encoding="UTF-8"?>
<!DOCTYPE html PUBLIC "-//W3C//DTD XHTML 1.0 Transitional//EN"
    "http://www.w3.org/TR/xhtml1/DTD/xhtml1-transitional.dtd">
<html xmlns="http://www.w3.org/1999/xhtml" xml:lang="en" lang="en">
 <head>
  <title>
</title>
<meta http-equiv="Content-Type" content="text/html;charset=utf-8" />
  <meta name='ocr-system' content='tesseract 3.04.00' />
  <meta name='ocr-capabilities' content='ocr_page ocr_carea ocr_par ocr_line ocrx_word'/>
</head>
<body>
  <div class='ocr_page' id='page_1' title='image "./quaeratiointerc00willgoog_0072.png"; bbox 0 0 3792 5250; ppageno 0'>
   <div class='ocr_carea' id='block_1_1' title="bbox 941 613 984 680">
    <p class='ocr_par' dir='ltr' id='par_1_1' title="bbox 941 613 984 680">
     <span class='ocr_line' id='line_1_1' title="bbox 941 613 984 680; baseline -0.023 0"><span class='ocrx_word' id='word_1_1' title='bbox 941 613 984 680; x_wconf 84' lang='grc'>68</span> 
     </span>
    </p>
   </div>
   <div class='ocr_carea' id='block_1_2' title="bbox 859 705 1066 716">
    <p class='ocr_par' dir='ltr' id='par_1_2' title="bbox 859 705 1066 716">
     <span class='ocr_line' id='line_1_2' title="bbox 859 705 1066 716; baseline -0.005 -1"><span class='ocrx_word' id='word_1_2' title='bbox 859 705 1066 716; x_wconf 75' lang='lat'>-———</span> 
     </span>
    </p>
   </div>
   <div class='ocr_carea' id='block_1_3' title="bbox 388 820 1537 1015">
    <p class='ocr_par' dir='ltr' id='par_1_3' title="bbox 388 820 1537 1015">
     <span class='ocr_line' id='line_1_3' title="bbox 388 820 1537 910; baseline 0.002 -23"><span class='ocrx_word' id='word_1_3' title='bbox 388 826 538 905; x_wconf 77' lang='grc' dir='ltr'><strong><em>Καίσαρα</em></strong></span> <span class='ocrx_word' id='word_1_4' title='bbox 570 820 747 908; x_wconf 72' lang='grc' dir='ltr'><em>ἀπαγαγεῖν</em></span> <span class='ocrx_word' id='word_1_5' title='bbox 780 851 885 902; x_wconf 85' lang='grc' dir='ltr'><strong><em>τινας</em></strong></span> <span class='ocrx_word' id='word_1_6' title='bbox 916 827 974 890; x_wconf 72' lang='grc' dir='ltr'>ἐπὶ</span> <span class='ocrx_word' id='word_1_7' title='bbox 1002 828 1168 910; x_wconf 76' lang='grc' dir='ltr'><strong><em>συμμαχίᾳ</em></strong></span> <span class='ocrx_word' id='word_1_8' title='bbox 1191 822 1260 908; x_wconf 84' lang='grc'>(37,</span> <span class='ocrx_word' id='word_1_9' title='bbox 1284 823 1320 909; x_wconf 90' lang='grc'>1)</span> <span class='ocrx_word' id='word_1_10' title='bbox 1353 824 1537 889; x_wconf 82' lang='lat' dir='ltr'>contraria</span> 
     </span>
     <span class='ocr_line' id='line_1_4' title="bbox 389 927 1536 1015; baseline 0.003 -22"><span class='ocrx_word' id='word_1_11' title='bbox 389 946 466 993; x_wconf 90' lang='lat' dir='ltr'>esse</span> <span class='ocrx_word' id='word_1_12' title='bbox 490 927 645 1011; x_wconf 82' lang='lat' dir='ltr'>Caesari,</span> <span class='ocrx_word' id='word_1_13' title='bbox 677 933 736 1013; x_wconf 93' lang='lat' dir='ltr'>qui</span> <span class='ocrx_word' id='word_1_14' title='bbox 763 952 948 998; x_wconf 91' lang='lat' dir='ltr'>numerum</span> <span class='ocrx_word' id='word_1_15' title='bbox 977 932 1100 995; x_wconf 90' lang='lat' dir='ltr'>decem</span> <span class='ocrx_word' id='word_1_16' title='bbox 1130 928 1276 993; x_wconf 89' lang='lat' dir='ltr'>millium</span> <span class='ocrx_word' id='word_1_17' title='bbox 1305 931 1408 996; x_wconf 85' lang='lat' dir='ltr'>affert</span> <span class='ocrx_word' id='word_1_18' title='bbox 1440 931 1536 1015; x_wconf 86' lang='lat' dir='ltr'><strong>(VII.</strong></span> 
     </span>
    </p>
   </div>
   <div class='ocr_carea' id='block_1_4' title="bbox 269 1031 1537 1119">
    <p class='ocr_par' dir='ltr' id='par_1_4' title="bbox 269 1031 1537 1119">
     <span class='ocr_line' id='line_1_5' title="bbox 269 1031 1537 1119; baseline 0.002 -21"><span class='ocrx_word' id='word_1_19' title='bbox 269 1085 271 1090; x_wconf 88' lang='lat'><em>.</em></span> <span class='ocrx_word' id='word_1_20' title='bbox 387 1031 440 1113; x_wconf 78' lang='lat'>37,</span> <span class='ocrx_word' id='word_1_21' title='bbox 465 1033 511 1110; x_wconf 71' lang='lat' dir='ltr'>ll.</span> <span class='ocrx_word' id='word_1_22' title='bbox 557 1034 680 1118; x_wconf 84' lang='lat' dir='ltr'>Neque</span> <span class='ocrx_word' id='word_1_23' title='bbox 703 1037 796 1103; x_wconf 88' lang='lat' dir='ltr'>enirn</span> <span class='ocrx_word' id='word_1_24' title='bbox 815 1040 883 1104; x_wconf 95' lang='lat' dir='ltr'>Dio</span> <span class='ocrx_word' id='word_1_25' title='bbox 906 1037 1017 1102; x_wconf 91' lang='lat' dir='ltr'>verbo</span> <span class='ocrx_word' id='word_1_26' title='bbox 1035 1060 1081 1110; x_wconf 79' lang='grc' dir='ltr'>τις</span> <span class='ocrx_word' id='word_1_27' title='bbox 1099 1053 1182 1098; x_wconf 89' lang='lat' dir='ltr'>usus</span> <span class='ocrx_word' id='word_1_28' title='bbox 1200 1034 1378 1117; x_wconf 89' lang='lat' dir='ltr'>significat</span> <span class='ocrx_word' id='word_1_29' title='bbox 1400 1055 1537 1119; x_wconf 90' lang='lat' dir='ltr'>paucos</span> 
     </span>
    </p>
   </div>
   <div class='ocr_carea' id='block_1_5' title="bbox 387 1137 1538 1429">
    <p class='ocr_par' dir='ltr' id='par_1_5' title="bbox 387 1137 1538 1429">
     <span class='ocr_line' id='line_1_6' title="bbox 388 1137 1538 1221; baseline 0.005 -21"><span class='ocrx_word' id='word_1_30' title='bbox 388 1137 505 1219; x_wconf 85' lang='lat' dir='ltr'>fuisse,</span> <span class='ocrx_word' id='word_1_31' title='bbox 539 1139 601 1203; x_wconf 91' lang='lat' dir='ltr'>sed</span> <span class='ocrx_word' id='word_1_32' title='bbox 625 1144 878 1208; x_wconf 89' lang='lat' dir='ltr'>consuetudine</span> <span class='ocrx_word' id='word_1_33' title='bbox 901 1160 966 1207; x_wconf 90' lang='lat' dir='ltr'>sua</span> <span class='ocrx_word' id='word_1_34' title='bbox 987 1157 1075 1204; x_wconf 88' lang='lat' dir='ltr'>vero</span> <span class='ocrx_word' id='word_1_35' title='bbox 1103 1156 1248 1205; x_wconf 91' lang='lat' dir='ltr'>numero</span> <span class='ocrx_word' id='word_1_36' title='bbox 1271 1140 1435 1221; x_wconf 89' lang='lat' dir='ltr'>neglecto</span> <span class='ocrx_word' id='word_1_37' title='bbox 1458 1159 1538 1206; x_wconf 91' lang='lat' dir='ltr'>rem</span> 
     </span>
     <span class='ocr_line' id='line_1_7' title="bbox 387 1242 1537 1329; baseline 0.005 -24"><span class='ocrx_word' id='word_1_38' title='bbox 387 1242 423 1306; x_wconf 93' lang='lat' dir='ltr'>in</span> <span class='ocrx_word' id='word_1_39' title='bbox 448 1242 583 1308; x_wconf 89' lang='lat' dir='ltr'>incerto</span> <span class='ocrx_word' id='word_1_40' title='bbox 615 1245 792 1328; x_wconf 83' lang='lat' dir='ltr'>relinquit.</span> <span class='ocrx_word' id='word_1_41' title='bbox 838 1248 915 1312; x_wconf 92' lang='lat' dir='ltr'>Hoc</span> <span class='ocrx_word' id='word_1_42' title='bbox 947 1245 1099 1327; x_wconf 92' lang='lat' dir='ltr'>denique</span> <span class='ocrx_word' id='word_1_43' title='bbox 1128 1245 1246 1327; x_wconf 90' lang='lat' dir='ltr'>capite</span> <span class='ocrx_word' id='word_1_44' title='bbox 1269 1245 1336 1309; x_wconf 92' lang='lat' dir='ltr'>Dio</span> <span class='ocrx_word' id='word_1_45' title='bbox 1360 1264 1537 1329; x_wconf 84' lang='lat' dir='ltr'>nusquam</span> 
     </span>
     <span class='ocr_line' id='line_1_8' title="bbox 387 1346 1194 1429; baseline 0.004 -19"><span class='ocrx_word' id='word_1_46' title='bbox 387 1346 607 1429; x_wconf 89' lang='lat' dir='ltr'>aliquantum</span> <span class='ocrx_word' id='word_1_47' title='bbox 631 1349 793 1416; x_wconf 80' lang='lat' dir='ltr'>dissentit</span> <span class='ocrx_word' id='word_1_48' title='bbox 816 1369 897 1416; x_wconf 90' lang='lat' dir='ltr'>cum</span> <span class='ocrx_word' id='word_1_49' title='bbox 920 1348 1194 1415; x_wconf 87' lang='lat' dir='ltr'>commentariis.</span> 
     </span>
    </p>
   </div>
   <div class='ocr_carea' id='block_1_6' title="bbox 385 1514 1550 3058">
    <p class='ocr_par' dir='ltr' id='par_1_6' title="bbox 385 1514 1550 3058">
     <span class='ocr_line' id='line_1_9' title="bbox 491 1514 1541 1609; baseline 0.004 -20"><span class='ocrx_word' id='word_1_50' title='bbox 491 1541 521 1589; x_wconf 88' lang='lat' dir='ltr'>c.</span> <span class='ocrx_word' id='word_1_51' title='bbox 546 1523 599 1592; x_wconf 79' lang='lat'>38.</span> <span class='ocrx_word' id='word_1_52' title='bbox 644 1526 841 1593; x_wconf 86' lang='lat' dir='ltr'>Discedens</span> <span class='ocrx_word' id='word_1_53' title='bbox 861 1546 883 1592; x_wconf 88' lang='lat' dir='ltr'>a</span> <span class='ocrx_word' id='word_1_54' title='bbox 905 1528 1056 1592; x_wconf 85' lang='lat' dir='ltr'>veritate</span> <span class='ocrx_word' id='word_1_55' title='bbox 1079 1525 1147 1589; x_wconf 92' lang='lat' dir='ltr'>Dio</span> <span class='ocrx_word' id='word_1_56' title='bbox 1170 1526 1261 1591; x_wconf 91' lang='lat' dir='ltr'>baec</span> <span class='ocrx_word' id='word_1_57' title='bbox 1283 1527 1415 1609; x_wconf 87' lang='lat' dir='ltr'>prodit:</span> <span class='ocrx_word' id='word_1_58' title='bbox 1439 1524 1457 1591; x_wconf 85' lang='grc' dir='ltr'>ὁ</span> <span class='ocrx_word' id='word_1_59' title='bbox 1480 1514 1541 1593; x_wconf 79' lang='grc' dir='ltr'>οὗν</span> 
     </span>
     <span class='ocr_line' id='line_1_10' title="bbox 386 1626 1541 1718; baseline 0.006 -29"><span class='ocrx_word' id='word_1_60' title='bbox 386 1629 511 1712; x_wconf 79' lang='grc' dir='ltr'><strong><em>Καῖσαρ</em></strong></span> <span class='ocrx_word' id='word_1_61' title='bbox 533 1626 716 1716; x_wconf 55' lang='grc' dir='ltr'><strong><em>ἐπεχειρησε</em></strong></span> <span class='ocrx_word' id='word_1_62' title='bbox 730 1637 790 1715; x_wconf 77' lang='grc' dir='ltr'>μὲν</span> <span class='ocrx_word' id='word_1_63' title='bbox 810 1634 1007 1718; x_wconf 75' lang='grc' dir='ltr'><em>παραχρῆμα</em></span> <span class='ocrx_word' id='word_1_64' title='bbox 1030 1627 1083 1695; x_wconf 80' lang='grc' dir='ltr'>ἐπ’</span> <span class='ocrx_word' id='word_1_65' title='bbox 1104 1626 1221 1706; x_wconf 65' lang='lat' dir='ltr'>crivotis</span> <span class='ocrx_word' id='word_1_66' title='bbox 1242 1629 1416 1717; x_wconf 83' lang='lat' dir='ltr'>(Aeduos)</span> <span class='ocrx_word' id='word_1_67' title='bbox 1440 1653 1541 1714; x_wconf 84' lang='grc' dir='ltr'><strong><em>στρα-</em></strong></span> 
     </span>
     <span class='ocr_line' id='line_1_11' title="bbox 385 1730 1543 1824; baseline 0.006 -29"><span class='ocrx_word' id='word_1_68' title='bbox 385 1730 506 1813; x_wconf 78' lang='grc' dir='ltr'>τεῦσαι,</span> <span class='ocrx_word' id='word_1_69' title='bbox 539 1730 584 1824; x_wconf 72' lang='grc' dir='ltr'>μὴ</span> <span class='ocrx_word' id='word_1_70' title='bbox 618 1736 769 1822; x_wconf 71' lang='grc' dir='ltr'>δυνηθεὶς</span> <span class='ocrx_word' id='word_1_71' title='bbox 805 1738 842 1800; x_wconf 76' lang='lat' dir='ltr'>‹lr</span> <span class='ocrx_word' id='word_1_72' title='bbox 873 1733 927 1801; x_wconf 76' lang='grc' dir='ltr'>6ιοῖ</span> <span class='ocrx_word' id='word_1_73' title='bbox 964 1733 1023 1800; x_wconf 79' lang='grc' dir='ltr'>τὸν</span> <span class='ocrx_word' id='word_1_74' title='bbox 1053 1732 1209 1818; x_wconf 73' lang='grc' dir='ltr'><strong><em>ποταμὸν</em></strong></span> <span class='ocrx_word' id='word_1_75' title='bbox 1239 1732 1297 1799; x_wconf 75' lang='grc' dir='ltr'>τόν</span> <span class='ocrx_word' id='word_1_76' title='bbox 1315 1739 1448 1820; x_wconf 60' lang='grc' dir='ltr'>,Λίγρον</span> <span class='ocrx_word' id='word_1_77' title='bbox 1482 1734 1543 1802; x_wconf 76' lang='grc' dir='ltr'>ἐπὶ</span> 
     </span>
     <span class='ocr_line' id='line_1_12' title="bbox 388 1834 1543 1925; baseline 0.008 -26"><span class='ocrx_word' id='word_1_78' title='bbox 388 1839 544 1920; x_wconf 77' lang='grc' dir='ltr'>Λίγγονας</span> <span class='ocrx_word' id='word_1_79' title='bbox 571 1835 738 1922; x_wconf 78' lang='grc' dir='ltr'><strong><em>ἐτράπετο.</em></strong></span> <span class='ocrx_word' id='word_1_80' title='bbox 782 1842 835 1904; x_wconf 81' lang='grc' dir='ltr'>καὶ</span> <span class='ocrx_word' id='word_1_81' title='bbox 857 1837 875 1905; x_wconf 90' lang='lat' dir='ltr'>o‘</span> <span class='ocrx_word' id='word_1_82' title='bbox 896 1845 957 1924; x_wconf 64' lang='grc' dir='ltr'>μὲν</span> <span class='ocrx_word' id='word_1_83' title='bbox 984 1837 1060 1904; x_wconf 75' lang='grc' dir='ltr'><em>οὐδὲ</em></span> <span class='ocrx_word' id='word_1_84' title='bbox 1089 1836 1193 1904; x_wconf 78' lang='grc' dir='ltr'><strong><em>ἐκεῖνα</em></strong></span> <span class='ocrx_word' id='word_1_85' title='bbox 1220 1834 1434 1923; x_wconf 80' lang='grc' dir='ltr'><strong><em>κατώρθωσεν</em></strong></span> <span class='ocrx_word' id='word_1_86' title='bbox 1467 1839 1543 1925; x_wconf 88' lang='grc'>(38,</span> 
     </span>
     <span class='ocr_line' id='line_1_13' title="bbox 390 1942 1545 2032; baseline 0.003 -23"><span class='ocrx_word' id='word_1_87' title='bbox 390 1944 420 2025; x_wconf 84' lang='grc'>3,</span> <span class='ocrx_word' id='word_1_88' title='bbox 443 1943 491 2029; x_wconf 88' lang='grc'>4).</span> <span class='ocrx_word' id='word_1_89' title='bbox 538 1942 615 2006; x_wconf 87' lang='lat' dir='ltr'>Iam</span> <span class='ocrx_word' id='word_1_90' title='bbox 637 1943 837 2027; x_wconf 87' lang='lat' dir='ltr'>Jelgersma</span> <span class='ocrx_word' id='word_1_91' title='bbox 869 1944 1052 2009; x_wconf 88' lang='lat' dir='ltr'>admonuit</span> <span class='ocrx_word' id='word_1_92' title='bbox 1076 1945 1126 2032; x_wconf 88' lang='lat' dir='ltr'>(p.</span> <span class='ocrx_word' id='word_1_93' title='bbox 1150 1944 1296 2031; x_wconf 81' lang='grc'>65-66)</span> <span class='ocrx_word' id='word_1_94' title='bbox 1331 1949 1366 2009; x_wconf 89' lang='lat' dir='ltr'>et</span> <span class='ocrx_word' id='word_1_95' title='bbox 1389 1943 1545 2012; x_wconf 84' lang='lat' dir='ltr'>Caesari</span> 
     </span>
     <span class='ocr_line' id='line_1_14' title="bbox 389 2049 1545 2133; baseline 0.004 -22"><span class='ocrx_word' id='word_1_96' title='bbox 389 2052 464 2112; x_wconf 92' lang='lat' dir='ltr'>tum</span> <span class='ocrx_word' id='word_1_97' title='bbox 491 2065 639 2130; x_wconf 89' lang='lat' dir='ltr'>quoque,</span> <span class='ocrx_word' id='word_1_98' title='bbox 672 2050 701 2113; x_wconf 91' lang='lat' dir='ltr'>si</span> <span class='ocrx_word' id='word_1_99' title='bbox 729 2049 766 2113; x_wconf 93' lang='lat' dir='ltr'>in</span> <span class='ocrx_word' id='word_1_100' title='bbox 795 2050 993 2132; x_wconf 84' lang='lat' dir='ltr'>Lingonum</span> <span class='ocrx_word' id='word_1_101' title='bbox 1015 2051 1103 2114; x_wconf 90' lang='lat' dir='ltr'>fines</span> <span class='ocrx_word' id='word_1_102' title='bbox 1136 2049 1317 2133; x_wconf 86' lang='lat' dir='ltr'>profectus</span> <span class='ocrx_word' id='word_1_103' title='bbox 1350 2055 1453 2131; x_wconf 86' lang='lat' dir='ltr'>esset,</span> <span class='ocrx_word' id='word_1_104' title='bbox 1486 2051 1545 2116; x_wconf 93' lang='lat' dir='ltr'>Li-</span> 
     </span>
     <span class='ocr_line' id='line_1_15' title="bbox 387 2154 1544 2236; baseline 0.005 -20"><span class='ocrx_word' id='word_1_105' title='bbox 387 2170 511 2235; x_wconf 90' lang='lat' dir='ltr'>gerum</span> <span class='ocrx_word' id='word_1_106' title='bbox 548 2154 878 2236; x_wconf 86' lang='lat' dir='ltr'>transgrediendum</span> <span class='ocrx_word' id='word_1_107' title='bbox 914 2155 1031 2234; x_wconf 88' lang='lat' dir='ltr'>fuisse,</span> <span class='ocrx_word' id='word_1_108' title='bbox 1070 2159 1105 2219; x_wconf 93' lang='lat' dir='ltr'>et</span> <span class='ocrx_word' id='word_1_109' title='bbox 1134 2155 1310 2236; x_wconf 84' lang='lat' dir='ltr'>Lingones</span> <span class='ocrx_word' id='word_1_110' title='bbox 1341 2158 1544 2222; x_wconf 90' lang='lat' dir='ltr'>secundum</span> 
     </span>
     <span class='ocr_line' id='line_1_16' title="bbox 390 2257 1545 2345; baseline 0.006 -24"><span class='ocrx_word' id='word_1_111' title='bbox 390 2259 663 2323; x_wconf 78' lang='lat' dir='ltr'>commentarios</span> <span class='ocrx_word' id='word_1_112' title='bbox 687 2257 781 2344; x_wconf 85' lang='lat' dir='ltr'>(VII.</span> <span class='ocrx_word' id='word_1_113' title='bbox 798 2259 849 2340; x_wconf 87' lang='grc'>63,</span> <span class='ocrx_word' id='word_1_114' title='bbox 866 2259 901 2327; x_wconf 86' lang='grc'>7;</span> <span class='ocrx_word' id='word_1_115' title='bbox 925 2259 1131 2340; x_wconf 89' lang='lat' dir='ltr'>,amicitiam</span> <span class='ocrx_word' id='word_1_116' title='bbox 1154 2259 1392 2324; x_wconf 89' lang='lat' dir='ltr'>Romanorum</span> <span class='ocrx_word' id='word_1_117' title='bbox 1415 2278 1545 2345; x_wconf 89' lang='lat' dir='ltr'>seque-</span> 
     </span>
     <span class='ocr_line' id='line_1_17' title="bbox 389 2362 1544 2449; baseline 0.007 -23"><span class='ocrx_word' id='word_1_118' title='bbox 389 2362 547 2449; x_wconf 83' lang='lat' dir='ltr'>bantur‘)</span> <span class='ocrx_word' id='word_1_119' title='bbox 569 2364 697 2429; x_wconf 87' lang='lat' dir='ltr'>fecisse</span> <span class='ocrx_word' id='word_1_120' title='bbox 721 2382 801 2429; x_wconf 91' lang='lat' dir='ltr'>cum</span> <span class='ocrx_word' id='word_1_121' title='bbox 820 2365 998 2430; x_wconf 79' lang='lat' dir='ltr'>Romanis,</span> <span class='ocrx_word' id='word_1_122' title='bbox 1043 2365 1148 2429; x_wconf 88' lang='lat' dir='ltr'>Hunc</span> <span class='ocrx_word' id='word_1_123' title='bbox 1170 2365 1206 2429; x_wconf 92' lang='lat' dir='ltr'>in</span> <span class='ocrx_word' id='word_1_124' title='bbox 1232 2382 1388 2430; x_wconf 92' lang='lat' dir='ltr'>errorem</span> <span class='ocrx_word' id='word_1_125' title='bbox 1404 2365 1475 2430; x_wconf 93' lang='lat' dir='ltr'>Dio</span> <span class='ocrx_word' id='word_1_126' title='bbox 1501 2387 1544 2433; x_wconf 90' lang='lat' dir='ltr'>eo</span> 
     </span>
     <span class='ocr_line' id='line_1_18' title="bbox 389 2467 1543 2553; baseline 0.006 -23"><span class='ocrx_word' id='word_1_127' title='bbox 389 2467 523 2548; x_wconf 85' lang='lat' dir='ltr'>incidit,</span> <span class='ocrx_word' id='word_1_128' title='bbox 556 2468 649 2550; x_wconf 92' lang='lat' dir='ltr'>quod</span> <span class='ocrx_word' id='word_1_129' title='bbox 672 2471 800 2538; x_wconf 86' lang='lat' dir='ltr'>verba:</span> <span class='ocrx_word' id='word_1_130' title='bbox 835 2488 952 2552; x_wconf 88' lang='lat' dir='ltr'>‚quam</span> <span class='ocrx_word' id='word_1_131' title='bbox 976 2470 1022 2533; x_wconf 92' lang='lat' dir='ltr'>ad</span> <span class='ocrx_word' id='word_1_132' title='bbox 1050 2489 1149 2553; x_wconf 89' lang='lat' dir='ltr'>spem</span> <span class='ocrx_word' id='word_1_133' title='bbox 1177 2471 1325 2534; x_wconf 89' lang='lat' dir='ltr'>multum</span> <span class='ocrx_word' id='word_1_134' title='bbox 1357 2488 1417 2535; x_wconf 92' lang='lat' dir='ltr'>eos</span> <span class='ocrx_word' id='word_1_135' title='bbox 1441 2473 1543 2537; x_wconf 89' lang='lat' dir='ltr'>adiu-</span> 
     </span>
     <span class='ocr_line' id='line_1_19' title="bbox 390 2571 1546 2657; baseline 0.005 -21"><span class='ocrx_word' id='word_1_136' title='bbox 390 2572 512 2654; x_wconf 87' lang='lat' dir='ltr'>vabat,</span> <span class='ocrx_word' id='word_1_137' title='bbox 536 2573 628 2656; x_wconf 91' lang='lat' dir='ltr'>quod</span> <span class='ocrx_word' id='word_1_138' title='bbox 651 2571 759 2657; x_wconf 86' lang='lat' dir='ltr'>Liger</span> <span class='ocrx_word' id='word_1_139' title='bbox 781 2592 827 2639; x_wconf 85' lang='lat' dir='ltr'>ex</span> <span class='ocrx_word' id='word_1_140' title='bbox 849 2574 990 2639; x_wconf 85' lang='lat' dir='ltr'>nivibus</span> <span class='ocrx_word' id='word_1_141' title='bbox 1014 2577 1189 2656; x_wconf 87' lang='lat' dir='ltr'>creverat,</span> <span class='ocrx_word' id='word_1_142' title='bbox 1217 2578 1255 2638; x_wconf 90' lang='lat' dir='ltr'>ut</span> <span class='ocrx_word' id='word_1_143' title='bbox 1278 2573 1418 2639; x_wconf 92' lang='lat' dir='ltr'>omnino</span> <span class='ocrx_word' id='word_1_144' title='bbox 1443 2577 1546 2642; x_wconf 88' lang='lat' dir='ltr'>vado</span> 
     </span>
     <span class='ocr_line' id='line_1_20' title="bbox 392 2678 1548 2764; baseline 0.006 -24"><span class='ocrx_word' id='word_1_145' title='bbox 392 2696 462 2741; x_wconf 92' lang='lat' dir='ltr'>non</span> <span class='ocrx_word' id='word_1_146' title='bbox 485 2695 588 2760; x_wconf 90' lang='lat' dir='ltr'>posse</span> <span class='ocrx_word' id='word_1_147' title='bbox 611 2678 755 2742; x_wconf 90' lang='lat' dir='ltr'>transiri</span> <span class='ocrx_word' id='word_1_148' title='bbox 777 2678 971 2743; x_wconf 87' lang='lat' dir='ltr'>videretur‘</span> <span class='ocrx_word' id='word_1_149' title='bbox 994 2678 1088 2763; x_wconf 84' lang='lat' dir='ltr'><strong>(VII.</strong></span> <span class='ocrx_word' id='word_1_150' title='bbox 1113 2678 1164 2759; x_wconf 81' lang='lat'>55,</span> <span class='ocrx_word' id='word_1_151' title='bbox 1189 2678 1247 2764; x_wconf 86' lang='lat'>10)</span> <span class='ocrx_word' id='word_1_152' title='bbox 1277 2684 1312 2743; x_wconf 86' lang='lat' dir='ltr'>et</span> <span class='ocrx_word' id='word_1_153' title='bbox 1335 2697 1427 2760; x_wconf 88' lang='lat' dir='ltr'>,cum</span> <span class='ocrx_word' id='word_1_154' title='bbox 1454 2680 1548 2747; x_wconf 85' lang='lat' dir='ltr'>Cae-</span> 
     </span>
     <span class='ocr_line' id='line_1_21' title="bbox 392 2782 1548 2867; baseline 0.008 -23"><span class='ocrx_word' id='word_1_155' title='bbox 392 2800 452 2845; x_wconf 86' lang='lat' dir='ltr'>sar</span> <span class='ocrx_word' id='word_1_156' title='bbox 485 2782 520 2846; x_wconf 90' lang='lat' dir='ltr'>in</span> <span class='ocrx_word' id='word_1_157' title='bbox 550 2782 731 2866; x_wconf 84' lang='lat' dir='ltr'>Sequanos</span> <span class='ocrx_word' id='word_1_158' title='bbox 763 2801 827 2867; x_wconf 91' lang='lat' dir='ltr'>per</span> <span class='ocrx_word' id='word_1_159' title='bbox 849 2788 1027 2849; x_wconf 84' lang='lat' dir='ltr'>extremos</span> <span class='ocrx_word' id='word_1_160' title='bbox 1050 2783 1249 2866; x_wconf 90' lang='lat' dir='ltr'>Lingonum</span> <span class='ocrx_word' id='word_1_161' title='bbox 1279 2785 1367 2849; x_wconf 88' lang='lat' dir='ltr'>fines</span> <span class='ocrx_word' id='word_1_162' title='bbox 1395 2784 1468 2850; x_wconf 92' lang='lat' dir='ltr'>iter</span> <span class='ocrx_word' id='word_1_163' title='bbox 1492 2788 1548 2852; x_wconf 87' lang='lat' dir='ltr'>fa-</span> 
     </span>
     <span class='ocr_line' id='line_1_22' title="bbox 391 2886 1550 2973; baseline 0.007 -22"><span class='ocrx_word' id='word_1_164' title='bbox 391 2890 499 2952; x_wconf 86' lang='lat' dir='ltr'>ceret‘</span> <span class='ocrx_word' id='word_1_165' title='bbox 524 2887 616 2973; x_wconf 86' lang='lat' dir='ltr'>(VII.</span> <span class='ocrx_word' id='word_1_166' title='bbox 641 2887 693 2971; x_wconf 87' lang='grc'>66,</span> <span class='ocrx_word' id='word_1_167' title='bbox 712 2886 748 2973; x_wconf 82' lang='grc'>2)</span> <span class='ocrx_word' id='word_1_168' title='bbox 771 2888 977 2971; x_wconf 87' lang='lat' dir='ltr'>respiceret.</span> <span class='ocrx_word' id='word_1_169' title='bbox 1022 2888 1261 2953; x_wconf 80' lang='lat' dir='ltr'>CerteDionis</span> <span class='ocrx_word' id='word_1_170' title='bbox 1277 2889 1390 2953; x_wconf 88' lang='lat' dir='ltr'>verba</span> <span class='ocrx_word' id='word_1_171' title='bbox 1410 2898 1550 2959; x_wconf 89' lang='lat' dir='ltr'>carent</span> 
     </span>
     <span class='ocr_line' id='line_1_23' title="bbox 393 2993 557 3058; baseline 0.006 -1"><span class='ocrx_word' id='word_1_172' title='bbox 393 2993 557 3058; x_wconf 90' lang='lat' dir='ltr'>veritate.</span> 
     </span>
    </p>
   </div>
   <div class='ocr_carea' id='block_1_7' title="bbox 390 3185 1617 4215">
    <p class='ocr_par' dir='ltr' id='par_1_7' title="bbox 390 3185 1617 4215">
     <span class='ocr_line' id='line_1_24' title="bbox 496 3185 1549 3280; baseline 0.004 -29"><span class='ocrx_word' id='word_1_173' title='bbox 496 3204 526 3253; x_wconf 88' lang='lat' dir='ltr'>c.</span> <span class='ocrx_word' id='word_1_174' title='bbox 551 3186 605 3254; x_wconf 83' lang='lat'>39.</span> <span class='ocrx_word' id='word_1_175' title='bbox 650 3185 737 3252; x_wconf 80' lang='lat' dir='ltr'>Cum</span> <span class='ocrx_word' id='word_1_176' title='bbox 760 3187 954 3268; x_wconf 88' lang='lat' dir='ltr'>secundum</span> <span class='ocrx_word' id='word_1_177' title='bbox 977 3188 1249 3252; x_wconf 90' lang='lat' dir='ltr'>commentarios</span> <span class='ocrx_word' id='word_1_178' title='bbox 1269 3186 1362 3273; x_wconf 85' lang='lat' dir='ltr'><strong>(VII.</strong></span> <span class='ocrx_word' id='word_1_179' title='bbox 1382 3187 1425 3255; x_wconf 77' lang='lat'>62</span> <span class='ocrx_word' id='word_1_180' title='bbox 1444 3195 1549 3280; x_wconf 85' lang='lat' dir='ltr'>sqq.)</span> 
     </span>
     <span class='ocr_line' id='line_1_25' title="bbox 391 3291 1549 3377; baseline 0.009 -22"><span class='ocrx_word' id='word_1_181' title='bbox 391 3291 692 3375; x_wconf 89' lang='lat' dir='ltr'>Vercingetorigis</span> <span class='ocrx_word' id='word_1_182' title='bbox 715 3297 840 3357; x_wconf 90' lang='lat' dir='ltr'>contra</span> <span class='ocrx_word' id='word_1_183' title='bbox 862 3293 1073 3376; x_wconf 88' lang='lat' dir='ltr'>Allobroges</span> <span class='ocrx_word' id='word_1_184' title='bbox 1096 3293 1247 3377; x_wconf 91' lang='lat' dir='ltr'>impetus</span> <span class='ocrx_word' id='word_1_185' title='bbox 1270 3298 1365 3377; x_wconf 87' lang='lat' dir='ltr'>post</span> <span class='ocrx_word' id='word_1_186' title='bbox 1387 3294 1549 3366; x_wconf 88' lang='lat' dir='ltr'>Labieni</span> 
     </span>
     <span class='ocr_line' id='line_1_26' title="bbox 390 3396 1549 3482; baseline 0.01 -23"><span class='ocrx_word' id='word_1_187' title='bbox 390 3396 578 3462; x_wconf 90' lang='lat' dir='ltr'>victoriam</span> <span class='ocrx_word' id='word_1_188' title='bbox 603 3400 698 3479; x_wconf 87' lang='lat' dir='ltr'>fiant,</span> <span class='ocrx_word' id='word_1_189' title='bbox 733 3399 800 3462; x_wconf 92' lang='lat' dir='ltr'>Dio</span> <span class='ocrx_word' id='word_1_190' title='bbox 823 3417 898 3462; x_wconf 89' lang='lat' dir='ltr'>rem</span> <span class='ocrx_word' id='word_1_191' title='bbox 927 3399 1088 3465; x_wconf 88' lang='lat' dir='ltr'>mutavit.</span> <span class='ocrx_word' id='word_1_192' title='bbox 1135 3398 1171 3464; x_wconf 85' lang='lat' dir='ltr'>Si</span> <span class='ocrx_word' id='word_1_193' title='bbox 1193 3399 1364 3482; x_wconf 86' lang='lat' dir='ltr'>respicias</span> <span class='ocrx_word' id='word_1_194' title='bbox 1387 3400 1549 3471; x_wconf 89' lang='lat' dir='ltr'>Dionem</span> 
     </span>
     <span class='ocr_line' id='line_1_27' title="bbox 390 3503 1549 3586; baseline 0.009 -20"><span class='ocrx_word' id='word_1_195' title='bbox 390 3520 455 3585; x_wconf 92' lang='lat' dir='ltr'>pro</span> <span class='ocrx_word' id='word_1_196' title='bbox 496 3503 610 3567; x_wconf 89' lang='lat' dir='ltr'>studio</span> <span class='ocrx_word' id='word_1_197' title='bbox 653 3522 714 3567; x_wconf 91' lang='lat' dir='ltr'>suo</span> <span class='ocrx_word' id='word_1_198' title='bbox 752 3504 811 3567; x_wconf 93' lang='lat' dir='ltr'>hic</span> <span class='ocrx_word' id='word_1_199' title='bbox 849 3522 988 3586; x_wconf 89' lang='lat' dir='ltr'>quoque</span> <span class='ocrx_word' id='word_1_200' title='bbox 1028 3522 1174 3568; x_wconf 89' lang='lat' dir='ltr'>causam</span> <span class='ocrx_word' id='word_1_201' title='bbox 1210 3505 1382 3570; x_wconf 88' lang='lat' dir='ltr'>afferendi</span> <span class='ocrx_word' id='word_1_202' title='bbox 1417 3503 1549 3577; x_wconf 88' lang='lat' dir='ltr'>dicere</span> 
     </span>
     <span class='ocr_line' id='line_1_28' title="bbox 390 3598 1617 3697; baseline 0.007 -26"><span class='ocrx_word' id='word_1_203' title='bbox 390 3605 675 3697; x_wconf 76' lang='grc' dir='ltr'><strong><em>καταφρονήσαςὸ</em></strong></span> <span class='ocrx_word' id='word_1_204' title='bbox 702 3605 955 3692; x_wconf 55' lang='lat' dir='ltr'>ulamma-tp}</span> <span class='ocrx_word' id='word_1_205' title='bbox 987 3611 1045 3672; x_wconf 75' lang='grc' dir='ltr'>τοῦ</span> <span class='ocrx_word' id='word_1_206' title='bbox 1074 3613 1234 3693; x_wconf 85' lang='grc' dir='ltr'><strong><em>Καίσαρος</em></strong></span> <span class='ocrx_word' id='word_1_207' title='bbox 1256 3607 1301 3687; x_wconf 54' lang='grc' dir='ltr'>ἐξ)</span> <span class='ocrx_word' id='word_1_208' title='bbox 1323 3598 1367 3675; x_wconf 77' lang='grc' dir='ltr'>ὧν</span> <span class='ocrx_word' id='word_1_209' title='bbox 1393 3608 1549 3683; x_wconf 64' lang='grc' dir='ltr'><strong><em>ἐπταίκτι</em></strong></span> <span class='ocrx_word' id='word_1_210' title='bbox 1615 3673 1617 3679; x_wconf 95' lang='grc'>.</span> 
     </span>
     <span class='ocr_line' id='line_1_29' title="bbox 392 3710 1548 3800; baseline 0.008 -23"><span class='ocrx_word' id='word_1_211' title='bbox 392 3711 461 3797; x_wconf 83' lang='grc'>(39,</span> <span class='ocrx_word' id='word_1_212' title='bbox 486 3712 522 3799; x_wconf 83' lang='grc'>1)</span> <span class='ocrx_word' id='word_1_213' title='bbox 550 3710 666 3797; x_wconf 86' lang='lat' dir='ltr'>(cuius</span> <span class='ocrx_word' id='word_1_214' title='bbox 688 3712 740 3777; x_wconf 92' lang='lat' dir='ltr'>rei</span> <span class='ocrx_word' id='word_1_215' title='bbox 769 3713 857 3777; x_wconf 91' lang='lat' dir='ltr'>nihil</span> <span class='ocrx_word' id='word_1_216' title='bbox 884 3714 1033 3796; x_wconf 90' lang='lat' dir='ltr'>legimus</span> <span class='ocrx_word' id='word_1_217' title='bbox 1061 3714 1096 3777; x_wconf 90' lang='lat' dir='ltr'>in</span> <span class='ocrx_word' id='word_1_218' title='bbox 1120 3714 1398 3800; x_wconf 86' lang='lat' dir='ltr'>commentariis)</span> <span class='ocrx_word' id='word_1_219' title='bbox 1425 3757 1465 3765; x_wconf 92' lang='lat'>—</span> <span class='ocrx_word' id='word_1_220' title='bbox 1494 3722 1548 3786; x_wconf 93' lang='lat' dir='ltr'>ni-</span> 
     </span>
     <span class='ocr_line' id='line_1_30' title="bbox 391 3816 1548 3902; baseline 0.01 -23"><span class='ocrx_word' id='word_1_221' title='bbox 391 3816 518 3880; x_wconf 88' lang='lat' dir='ltr'>mirum</span> <span class='ocrx_word' id='word_1_222' title='bbox 541 3834 617 3881; x_wconf 93' lang='lat' dir='ltr'>rem</span> <span class='ocrx_word' id='word_1_223' title='bbox 640 3817 690 3880; x_wconf 90' lang='lat' dir='ltr'>ita</span> <span class='ocrx_word' id='word_1_224' title='bbox 713 3821 751 3880; x_wconf 93' lang='lat' dir='ltr'>ut</span> <span class='ocrx_word' id='word_1_225' title='bbox 783 3817 873 3881; x_wconf 89' lang='lat' dir='ltr'>alias</span> <span class='ocrx_word' id='word_1_226' title='bbox 901 3818 1162 3882; x_wconf 90' lang='lat' dir='ltr'>describentem</span> <span class='ocrx_word' id='word_1_227' title='bbox 1190 3856 1232 3864; x_wconf 91' lang='lat'>—</span> <span class='ocrx_word' id='word_1_228' title='bbox 1259 3821 1455 3902; x_wconf 90' lang='lat' dir='ltr'>putandum</span> <span class='ocrx_word' id='word_1_229' title='bbox 1490 3832 1548 3892; x_wconf 91' lang='lat' dir='ltr'>est</span> 
     </span>
     <span class='ocr_line' id='line_1_31' title="bbox 391 3922 1548 3997; baseline 0.01 -11"><span class='ocrx_word' id='word_1_230' title='bbox 391 3939 470 3986; x_wconf 91' lang='lat' dir='ltr'>eum</span> <span class='ocrx_word' id='word_1_231' title='bbox 494 3922 616 3986; x_wconf 89' lang='lat' dir='ltr'>ordine</span> <span class='ocrx_word' id='word_1_232' title='bbox 647 3922 691 3986; x_wconf 92' lang='lat' dir='ltr'>de</span> <span class='ocrx_word' id='word_1_233' title='bbox 722 3922 895 3986; x_wconf 90' lang='lat' dir='ltr'>industria</span> <span class='ocrx_word' id='word_1_234' title='bbox 923 3927 1058 3987; x_wconf 87' lang='lat' dir='ltr'>mutato</span> <span class='ocrx_word' id='word_1_235' title='bbox 1090 3924 1277 3989; x_wconf 88' lang='lat' dir='ltr'>victoriam</span> <span class='ocrx_word' id='word_1_236' title='bbox 1301 3924 1548 3997; x_wconf 88' lang='lat' dir='ltr'>Romanorum</span> 
     </span>
     <span class='ocr_line' id='line_1_32' title="bbox 392 4026 1548 4112; baseline 0.011 -24"><span class='ocrx_word' id='word_1_237' title='bbox 392 4045 462 4090; x_wconf 91' lang='lat' dir='ltr'>non</span> <span class='ocrx_word' id='word_1_238' title='bbox 485 4031 569 4091; x_wconf 89' lang='lat' dir='ltr'>ante</span> <span class='ocrx_word' id='word_1_239' title='bbox 592 4026 657 4090; x_wconf 90' lang='lat' dir='ltr'>has</span> <span class='ocrx_word' id='word_1_240' title='bbox 680 4044 736 4091; x_wconf 87' lang='lat' dir='ltr'>res</span> <span class='ocrx_word' id='word_1_241' title='bbox 760 4027 933 4092; x_wconf 91' lang='lat' dir='ltr'>accidisse</span> <span class='ocrx_word' id='word_1_242' title='bbox 957 4046 1116 4109; x_wconf 89' lang='lat' dir='ltr'>narrare,</span> <span class='ocrx_word' id='word_1_243' title='bbox 1140 4048 1185 4094; x_wconf 89' lang='lat' dir='ltr'>ne</span> <span class='ocrx_word' id='word_1_244' title='bbox 1209 4030 1358 4112; x_wconf 82' lang='lat' dir='ltr'>dubites,</span> <span class='ocrx_word' id='word_1_245' title='bbox 1382 4048 1429 4095; x_wconf 89' lang='lat' dir='ltr'>an</span> <span class='ocrx_word' id='word_1_246' title='bbox 1449 4051 1548 4102; x_wconf 89' lang='lat' dir='ltr'>vera</span> 
     </span>
     <span class='ocr_line' id='line_1_33' title="bbox 393 4131 1358 4215; baseline 0.007 -21"><span class='ocrx_word' id='word_1_247' title='bbox 393 4131 437 4194; x_wconf 89' lang='lat' dir='ltr'>sit</span> <span class='ocrx_word' id='word_1_248' title='bbox 461 4149 570 4195; x_wconf 87' lang='lat' dir='ltr'>causa</span> <span class='ocrx_word' id='word_1_249' title='bbox 593 4132 639 4195; x_wconf 93' lang='lat' dir='ltr'>ab</span> <span class='ocrx_word' id='word_1_250' title='bbox 663 4150 703 4196; x_wconf 91' lang='lat' dir='ltr'>eo</span> <span class='ocrx_word' id='word_1_251' title='bbox 727 4149 867 4213; x_wconf 86' lang='lat' dir='ltr'>semper</span> <span class='ocrx_word' id='word_1_252' title='bbox 891 4137 997 4215; x_wconf 88' lang='lat' dir='ltr'>atque</span> <span class='ocrx_word' id='word_1_253' title='bbox 1021 4133 1213 4199; x_wconf 88' lang='lat' dir='ltr'>identidem</span> <span class='ocrx_word' id='word_1_254' title='bbox 1237 4136 1358 4203; x_wconf 89' lang='lat' dir='ltr'>allata.</span> 
     </span>
    </p>
   </div>
   <div class='ocr_carea' id='block_1_8' title="bbox 392 4288 1550 4591">
    <p class='ocr_par' dir='ltr' id='par_1_8' title="bbox 392 4288 1550 4591">
     <span class='ocr_line' id='line_1_34' title="bbox 495 4288 1548 4373; baseline 0.009 -19"><span class='ocrx_word' id='word_1_255' title='bbox 495 4288 741 4373; x_wconf 84' lang='lat' dir='ltr'>Superlatione</span> <span class='ocrx_word' id='word_1_256' title='bbox 778 4307 861 4353; x_wconf 91' lang='lat' dir='ltr'>usus</span> <span class='ocrx_word' id='word_1_257' title='bbox 894 4289 961 4353; x_wconf 94' lang='lat' dir='ltr'>Dio</span> <span class='ocrx_word' id='word_1_258' title='bbox 999 4291 1085 4354; x_wconf 91' lang='lat' dir='ltr'>dicit</span> <span class='ocrx_word' id='word_1_259' title='bbox 1116 4289 1306 4356; x_wconf 86' lang='lat' dir='ltr'>Caesarem</span> <span class='ocrx_word' id='word_1_260' title='bbox 1338 4310 1360 4356; x_wconf 89' lang='lat' dir='ltr'>a</span> <span class='ocrx_word' id='word_1_261' title='bbox 1390 4292 1548 4364; x_wconf 89' lang='lat' dir='ltr'>Vercin-</span> 
     </span>
     <span class='ocr_line' id='line_1_35' title="bbox 392 4393 1550 4476; baseline 0.009 -18"><span class='ocrx_word' id='word_1_262' title='bbox 392 4394 550 4476; x_wconf 90' lang='lat' dir='ltr'>getorige</span> <span class='ocrx_word' id='word_1_263' title='bbox 566 4394 823 4457; x_wconf 86' lang='lat' dir='ltr'>circumdatum</span> <span class='ocrx_word' id='word_1_264' title='bbox 839 4412 925 4458; x_wconf 89' lang='lat' dir='ltr'>csse.</span> <span class='ocrx_word' id='word_1_265' title='bbox 973 4393 1153 4474; x_wconf 78' lang='lat' dir='ltr'>Quomodo</span> <span class='ocrx_word' id='word_1_266' title='bbox 1173 4401 1289 4459; x_wconf 89' lang='lat' dir='ltr'>autem</span> <span class='ocrx_word' id='word_1_267' title='bbox 1307 4415 1348 4460; x_wconf 94' lang='lat' dir='ltr'>co</span> <span class='ocrx_word' id='word_1_268' title='bbox 1363 4396 1550 4471; x_wconf 89' lang='lat' dir='ltr'>adductus</span> 
     </span>
     <span class='ocr_line' id='line_1_36' title="bbox 393 4498 1550 4591; baseline 0.006 -27"><span class='ocrx_word' id='word_1_269' title='bbox 393 4500 470 4564; x_wconf 82' lang='lat' dir='ltr'>est?</span> <span class='ocrx_word' id='word_1_270' title='bbox 513 4500 560 4564; x_wconf 93' lang='lat' dir='ltr'>Ut</span> <span class='ocrx_word' id='word_1_271' title='bbox 577 4503 790 4581; x_wconf 88' lang='lat' dir='ltr'>potestatem</span> <span class='ocrx_word' id='word_1_272' title='bbox 808 4499 958 4563; x_wconf 88' lang='lat' dir='ltr'>haberet</span> <span class='ocrx_word' id='word_1_273' title='bbox 976 4498 1148 4564; x_wconf 78' lang='lat' dir='ltr'>allbrendi</span> <span class='ocrx_word' id='word_1_274' title='bbox 1166 4518 1266 4564; x_wconf 87' lang='lat' dir='ltr'>suam</span> <span class='ocrx_word' id='word_1_275' title='bbox 1285 4502 1550 4591; x_wconf 87' lang='lat' dir='ltr'>narrationem,</span> 
     </span>
    </p>
   </div>
   <div class='ocr_carea' id='block_1_9' title="bbox 0 0 1905 5250">
    <p class='ocr_par' dir='ltr' id='par_1_9' title="bbox 0 0 1905 5250">
     <span class='ocr_line' id='line_1_37' title="bbox 0 0 1905 5250; baseline 0 0"><span class='ocrx_word' id='word_1_276' title='bbox 0 0 1905 5250; x_wconf 95' lang='lat' dir='ltr'> </span> 
     </span>
    </p>
   </div>
  </div>
 </body>
</html>
