3792 5250
982 644 1025 713 24

431 855 556 940 potuit,
579 854 641 921 sod
665 874 734 921 non
758 857 1041 923 necessariores
1064 861 1143 922 erat
1169 858 1237 922 hoc
1270 859 1374 922 modo
1404 859 1572 940 gerenda.
1658 896 1660 901 -

430 960 722 1026 Perineommode
753 961 895 1043 accidit,
927 961 1021 1044 quod
1052 961 1348 1044 Rauehensteino,
1388 982 1458 1045 qua
1495 983 1572 1029 esse

430 1065 571 1130 videtur
592 1066 724 1131 virtute
747 1066 987 1152 imperatoria,
1011 1085 1081 1131 non
1104 1067 1205 1132 licuit
1228 1066 1417 1133 Caesarem
1444 1068 1514 1133 hac
1536 1069 1570 1133 in

429 1188 469 1236 re
493 1171 638 1236 docere!
1570 1192 1573 1200 ·

534 1275 715 1357 Quomodo
739 1275 967 1340 iudicandum
991 1275 1036 1340 sit
1059 1276 1103 1341 de
1123 1275 1244 1340 Dionis
1266 1276 1384 1341 multis
1408 1278 1442 1340 in
1467 1279 1571 1342 rebus

429 1397 511 1444 cum
533 1379 796 1445 commentariis
814 1384 1000 1462 concentu,
1024 1380 1095 1444 iam
1114 1379 1211 1444 initio
1228 1384 1281 1445 est
1297 1381 1439 1445 dictum.
1484 1382 1571 1446 Nar-

426 1485 598 1550 rationem
613 1504 635 1549 a
650 1484 804 1550 Caesare
819 1485 862 1550 de
872 1484 1090 1567 Dumnorige
1100 1485 1222 1550 Aeduo
1241 1484 1572 1551 insertam'Dionom

426 1589 600 1654 industria
623 1590 790 1671 omisisse,
813 1590 943 1673 quippe
968 1608 1074 1672 quam
1097 1590 1167 1653 iam
1191 1593 1308 1672 antea,
1339 1590 1399 1654 ubi
1429 1589 1504 1672 agit
1527 1590 1571 1655 de

427 1693 630 1759 Aeduorum
653 1693 780 1776 legatis
803 1691 872 1779 (38,
895 1693 947 1776 32,
971 1693 1018 1780 3),
1043 1694 1310 1777 complectatur,
1342 1694 1413 1758 iam
1437 1694 1572 1760 Melber
1608 1776 1612 1786 Ι

428 1798 591 1882 exposuit
614 1801 659 1882 (p.
677 1797 829 1878 83-64).
875 1798 1055 1864 Micalella
1076 1802 1195 1864 autem
1212 1798 1272 1863 hic
1287 1817 1425 1882 quoque
1443 1799 1571 1863 oblitus

428 1906 482 1969 est
504 1903 610 1967 Dioni
634 1902 841 1986 excerpenti
863 1922 933 1967 non
957 1903 1085 1984 omnia,
1109 1921 1200 1986 quae
1232 1903 1269 1967 in
1300 1904 1396 1969 fonte
1427 1922 1489 1969 suo
1521 1903 1571 1967 in·

429 2010 590 2090 venerat,
623 2008 766 2073 tradere
794 2008 946 2074 licuisse.
993 2008 1191 2090 Siquando
1224 2026 1288 2073 nos
1317 2007 1450 2091 aliquid
1483 2008 1569 2073 eius-

427 2113 522 2177 modi
545 2118 583 2177 ut
606 2131 677 2177 non
696 2112 745 2176 ita
761 2112 842 2178 leve
861 2113 1103 2178 desideramus
1122 2113 1216 2197 apud
1235 2131 1325 2194 eum,
1350 2113 1417 2177 Dio
1433 2114 1572 2178 scilicet

429 2216 473 2281 de
497 2236 539 2282 eo
563 2218 668 2282 aliter
699 2217 809 2283 sensit
840 2235 885 2282 ac
916 2225 990 2298 nos,
1021 2217 1158 2304 quippe¹
1183 2218 1243 2300 qui
1274 2218 1310 2282 in
1344 2219 1571 2301 excerpendo

428 2321 578 2387 oratoris
601 2322 703 2386 modo
722 2322 877 2387 maxime
896 2322 1046 2386 ornandi
1070 2322 1184 2387 studio
1204 2323 1402 2388 duceretur.
1447 2323 1571 2405 Neque

427 2427 541 2509 magis
574 2445 661 2510 opus
693 2431 771 2491 erat
803 2445 882 2491 eum
915 2427 1027 2491 multa
1060 2427 1173 2492 verba
1205 2427 1327 2493 facere
1358 2427 1402 2493 de
1431 2428 1492 2508 eis,
1525 2428 1571 2492 de

428 2531 553 2612 quibus
593 2529 727 2596 Caesar
767 2549 846 2595 cum
882 2531 1057 2596 Helvetiis
1095 2532 1226 2615 agebat
1264 2531 1380 2613 rebus
1420 2551 1570 2614 quarum

430 2654 604 2701 summam
636 2637 758 2702 eodem
791 2641 898 2720 atque
932 2636 1067 2703 Caesar
1097 2638 1198 2702 modo
1230 2637 1349 2717 tradit,
1382 2655 1497 2720 neque
1526 2640 1571 2704 de

427 2741 530 2805 clade
554 2739 791 2805 Romanorum
815 2743 981 2824 equitum,
1011 2742 1047 2805 in
1079 2759 1150 2825 qua
1177 2742 1412 2807 describenda
1436 2740 1572 2807 Caesar

427 2845 514 2908 nihil
538 2845 637 2910 addit
660 2845 797 2927 coloris
821 2847 883 2911 sed
906 2847 1022 2929 potius
1053 2845 1117 2910 Dio
1151 2847 1285 2911 verbis:
1325 2848 1390 2911 τῶν
1420 2849 1572 2913 σπονδῶν

430 2948 671 3037 κατεφρόνησαν
693 2949 882 3037 (Helvetii)
903 2950 972 3035 (38,
989 2950 1041 3031 33,
1055 2950 1089 3037 1)
1111 2968 1186 3015 rem
1209 2952 1284 3016 fere
1303 2951 1413 3016 auxit.
1445 2951 1569 3034 Neque

427 3056 530 3137 enirn,
554 3055 584 3119 si
606 3055 769 3120 conferas
792 3055 1075 3136 commentarios,
1107 3055 1221 3120 iustae
1250 3073 1294 3120 ac
1316 3055 1496 3138 legitimae
1518 3056 1569 3120 in-

427 3161 546 3225 dutiae
569 3164 813 3225 convenerant
836 3159 954 3245 (Caes
978 3159 1005 3225 I.
1028 3158 1186 3244 13-14).

530 3264 709 3329 Micalella
731 3264 858 3329 deinde
882 3263 931 3348 (p.
948 3263 1007 3349 31)
1031 3264 1164 3332 verbis:
1188 3265 1222 3327 ἐκ
1244 3261 1358 3328 τοτ’τσν
1375 3267 1411 3329 et
1433 3261 1488 3328 διὰ
1509 3263 1574 3355 τὴν

427 3365 602 3435 ἐλάττωσιν
634 3368 702 3453 (38,
734 3368 785 3449 33,
819 3367 855 3453 2)
888 3368 985 3432 nisus
1017 3369 1162 3451 exponit
1199 3367 1346 3433 Dionem
1383 3368 1487 3434 aliter
1524 3388 1570 3435 ac

428 3473 618 3540 Gaesarem
649 3474 793 3539 tradere
825 3474 980 3557 equitum
1013 3474 1116 3539 clade
1148 3473 1324 3538 Romanos
1355 3474 1402 3539 ad
1434 3473 1570 3556 egredi-

427 3580 555 3645 endum
588 3582 779 3643 commotos
814 3597 901 3643 esse,
934 3578 1026 3660 'Qua
1057 3579 1093 3642 in
1124 3596 1164 3643 re
1195 3580 1345 3663 primum
1379 3580 1415 3643 in
1448 3578 1569 3644 verbis

427 3682 460 3749 ἐκ
492 3681 607 3748 τούτου
642 3683 878 3767 explanandis
911 3683 1056 3748 erravit.
1105 3683 1196 3747 Nam
1227 3684 1319 3747 haec
1349 3684 1463 3748 verba
1496 3702 1568 3748 non

426 3794 507 3856 sunt
538 3788 786 3870 coniungenda
817 3806 897 3852 oum
920 3787 1040 3852 verbis
1064 3785 1182 3852 ἐκεῖνον
1204 3791 1322 3871 φαγεῖν,
1360 3789 1422 3853 sed
1454 3789 1569 3852 solum

428 3912 522 3961 cum:
547 3888 695 3977 φρόνημα
717 3890 877 3974 λαβόντες,
901 3896 939 3956 ut
962 3891 1096 3956 habeas
1120 3890 1283 3957 Caesaris
1305 3892 1418 3957 verba
1451 3892 1490 3973 (Ι,
1513 3892 1567 3974 15,

427 3998 474 4080 3);
508 4014 587 4081 ,quo
618 3996 751 4080 proelio
783 3996 924 4060 sublati‘
956 3996 1003 4060 ad
1037 3997 1185 4063 verbum
1208 3997 1393 4061 translata.
1444 3996 1568 4079 Neque

427 4102 521 4169 enim
544 4102 621 4166 fieri
642 4105 768 4184 potest,
792 4105 830 4164 ut
852 4099 916 4164 Dio
940 4101 1070 4166 dixerit
1093 4101 1269 4166 Romanos
1289 4118 1469 4184 regressos
1488 4120 1567 4167 esse

427 4208 557 4273 haere
581 4210 772 4272 commotos
795 4211 839 4271 et
863 4206 975 4287 clade,
999 4207 1092 4288 quod
1115 4206 1165 4271 ita
1188 4206 1241 4270 bis
1263 4207 1357 4271 idem
1380 4207 1567 4291 attulisset,

427 4314 489 4378 sed
512 4312 570 4376 κατ’
586 4311 704 4394 priore
727 4312 803 4375 loco
835 4311 1121 4376 transferendum
1144 4314 1212 4378 est:
1246 4314 1302 4391 ,et‘
1326 4310 1385 4396 (z
1409 4312 1566 4400 deinde),

427 4422 466 4482 ut
505 4442 540 4481 τε
585 4414 744 4502 (φρόνημα
779 4435 809 4481 e.
845 4419 888 4497 e.)
937 4416 1152 4499 respondeat
1190 4435 1270 4480 cum
1309 4422 1364 4480 καί
1395 4422 1479 4482 ante
1516 4414 1567 4484 ὅτι

428 4522 588 4600 σπανίσας
622 4541 651 4587 e.
676 4540 722 4590 e:
757 4521 895 4604 ,deinde
928 4525 963 4586 et
994 4521 1061 4604 ipsi
1090 4540 1135 4585 ex
1168 4521 1235 4586 hoc
1263 4522 1397 4605 proelio
1421 4522 1503 4587 elati
1530 4528 1565 4589 et
