3792 5250
427 854 600 916 coaetos
622 850 796 917 Helvetiis
829 852 907 916 illos
939 854 1114 934 perfines
1144 869 1225 916 suos
1252 850 1304 915 ire
1335 869 1459 933 passos
1482 868 1570 931 esse,

428 957 555 1039 quain
578 975 617 1021 re
640 975 864 1039 nequaquam
888 958 1068 1041 discrepat
1090 975 1112 1020 a
1136 956 1289 1021 Caesare
1324 956 1378 1041 (ut
1401 974 1464 1018 nos
1488 975 1572 1037 quo-

427 1080 495 1144 que
519 1062 667 1126 dicimus
698 1062 822 1126 urbem
851 1063 1031 1144 quandam
1062 1062 1217 1127 deditam
1245 1079 1322 1125 esse
1351 1061 1573 1143 „freiwillig“

428 1166 671 1250 [eontrariumt
695 1167 904 1248 gewaltsam
921 1166 1093 1248 erobernl,
1117 1184 1331 1248 quamquam
1350 1165 1426 1229 fieri
1444 1170 1573 1246 potest,

427 1273 465 1334 ut
494 1275 577 1335 ante
608 1288 672 1354 per
704 1271 852 1335 multum
884 1276 1023 1353 tempus
1050 1270 1194 1335 obsessa
1225 1275 1260 1335 et
1292 1270 1403 1333 omnis
1431 1271 1575 1350 generis

427 1374 482 1438 vis
504 1375 602 1438 faeta
624 1373 697 1460 sit).
743 1376 787 1440 Et
810 1376 839 1438 si
863 1375 906 1441 M.
931 1376 1000 1438 hoc
1022 1394 1092 1438 non
1115 1375 1250 1456 probet,
1274 1374 1358 1438 lieet
1381 1373 1481 1437 nobis
1504 1374 1575 1438 hoc

427 1482 584 1543 statuere
600 1478 751 1543 Dionem
770 1497 850 1544 cum
869 1480 1084 1544 brevitatem
1103 1484 1379 1560 consectaretur,
1403 1479 1439 1541 in
1455 1478 1576 1543 levem

426 1582 593 1648 incidisse
616 1581 886 1665 indiligentiam.

531 1686 587 1750 Ab
621 1705 664 1750 ea
696 1692 794 1752 certe
826 1689 1023 1771 repetenda
1055 1692 1136 1753 sunt
1167 1689 1280 1752 verba
1322 1686 1396 1772 (38,
1430 1685 1481 1768 32,
1514 1686 1574 1773 2):
1681 1751 1683 1756 ,

426 1786 487 1880 τήν
510 1790 616 1875 χώραν
643 1788 750 1855 αὐτῶν
773 1790 992 1876 (Aeduorum
1024 1796 1059 1858 et
1082 1790 1340 1876 Sequanorum)
1373 1789 1572 1877 ἐλεηλάτουν,

428 1906 464 1959 et
479 1895 595 1963 infra:
618 1885 888 1981 maganciacensis
910 1895 947 1961 οῖ’
961 1922 997 1961 τε
1018 1899 1195 1984 Σηκουανοὶ
1217 1898 1269 1960 καὶ
1292 1896 1321 1960 οἱ
1344 1896 1470 1960 Αἴδουοι
1493 1894 1572 1978 πρός

426 1996 642 2084 τόνΚαίσαρᾰ
663 2019 749 2085 sqq,
773 2003 819 2066 ad
843 2021 934 2084 quae
955 2002 1021 2066 Dio
1042 2002 1175 2066 idcirco
1195 2002 1368 2066 adductus
1391 2005 1454 2082 est,
1480 2003 1574 2084 quod

426 2103 492 2168 has
520 2109 644 2186 gentes
671 2107 766 2188 apud
790 2105 981 2171 Caesarem
1009 2124 1150 2189 semper
1177 2106 1336 2170 oratione
1365 2101 1576 2172 coniunctas

428 2226 506 2274 esse
528 2210 637 2275 videt.
682 2211 727 2274 Et
749 2210 928 2275 Miealella
952 2211 1028 2293 ipse
1057 2209 1164 2275 facile
1187 2229 1225 2275 se
1248 2211 1294 2274 ad
1317 2214 1475 2274 nostram
1499 2230 1574 2277 sen·

427 2313 575 2378 tentiam
588 2301 751 2398 ‘perduci
779 2333 882 2397 posse
913 2316 1109 2397 confitetur,
1143 2315 1209 2378 nisi
1232 2315 1326 2396 apud
1350 2314 1501 2380 Dionem
1522 2335 1570 2380 se-

428 2422 619 2500 querentur
633 2416 702 2501 (38,
722 2416 773 2498 32,
791 2417 846 2502 3);
865 2419 917 2481 καὶ
935 2413 1042 2500 ἔλεγον
1055 2423 1116 2499 μὲν
1134 2413 1228 2481 οὐδὲν
1247 2412 1340 2498 ὅμοια
1357 2408 1401 2492 οἷς
1416 2413 1567 2501 ἔπραξαν,

428 2517 539 2604 ἔτυχον
562 2519 590 2585 δ’
610 2509 667 2586 οὖν
694 2517 777 2603 ὅμως
804 2511 849 2587 ὧν
871 2519 988 2612 ἦξίουν.
1034 2521 1102 2587 Sed
1126 2522 1210 2604 quid
1241 2521 1306 2585 sibi
1339 2522 1452 2586 velint
1483 2522 1570 2586 haee

427 2628 550 2707 verba,
584 2627 629 2690 M.
654 2645 723 2691 non
752 2628 927 2710 intellegit
956 2626 1008 2712 (p.
1031 2626 1090 2712 23)
1123 2646 1238 2710 neque
1261 2627 1300 2709 is,
1334 2628 1393 2710 qui
1416 2628 1575 2693 libellum

427 2732 605 2797 recensuit
629 2730 678 2816 (p.
704 2731 793 2816 128).

532 2836 608 2900 Iam
637 2836 733 2918 prior
756 2838 956 2902 Miealellae
988 2837 1233 2919 interpretatio
1258 2841 1311 2902 est
1337 2837 1440 2903 falsa.
1487 2837 1577 2903 Cum

428 2941 551 3005 verbo:
583 2935 678 3021 ὅμοια
705 2960 774 3004 non
803 2942 848 3020 id,
883 2960 951 3024 quo
975 2959 1062 3024 opus
1091 2945 1154 3022 est,
1187 2941 1323 3024 pondus
1346 2942 1489 3023 tribuat,
1522 2943 1576 3007 ita

430 3045 619 3127 explanat:
654 3044 856 3125 ,Caesarem
880 3046 1068 3110 certiorem
1086 3063 1156 3109 non
1174 3046 1334 3110 fecerunt
1353 3047 1396 3111 de
1411 3066 1463 3127 ee,
1482 3049 1578 3129 quod

429 3150 599 3231 fecerant,
624 3150 659 3213 id
683 3154 745 3231 est,
773 3169 811 3215 se
835 3168 910 3214 sua
933 3154 1083 3233 sponte
1105 3150 1184 3214 illos
1207 3150 1380 3231 perfines
1403 3168 1483 3214 suos
1506 3151 1577 3217 iter

428 3253 548 3318 facere
571 3273 693 3337 passos
717 3273 793 3319 esse
817 3259 852 3320 et
874 3254 924 3321 ita
947 3255 1041 3338 ipsos
1065 3255 1131 3318 sibi
1153 3254 1362 3319 iniuriarum
1391 3255 1576 3321 illatarum

429 3362 592 3423 auctores
615 3359 731 3425 fuisse.
778 3358 846 3424 Sed
869 3364 989 3424 tamen
1014 3362 1102 3441 sqq‘
1156 3360 1203 3423 At
1226 3358 1334 3423 liceat
1362 3359 1446 3423 mihi
1469 3379 1577 3442 quae-

429 3480 523 3528 rere:
556 3463 646 3528 Num
679 3482 750 3527 una
782 3482 863 3528 eum
896 3463 1145 3546 proficiscendi
1178 3468 1352 3545 potestate
1384 3464 1434 3528 eis
1466 3465 1578 3530 etiam

429 3566 617 3649 diripiendi
648 3568 915 3650 praedandique
949 3568 1130 3632 licentiam
1162 3568 1357 3633 dederunt?
1406 3568 1498 3633 Num
1530 3572 1577 3635 ob

430 3690 510 3737 eam
542 3690 617 3736 rem
649 3673 699 3737 eis
731 3673 831 3755 quasi
864 3673 991 3755 eulpae
1022 3672 1089 3736 sibi
1120 3671 1271 3736 consciis
1302 3672 1493 3756 tranquillo
1531 3692 1579 3740 ac

429 3778 547 3860 quieto
579 3778 696 3841 animo
728 3778 878 3842 iniuriae
909 3783 1012 3842 erant
1043 3777 1236 3841 ferendae?
1286 3776 1376 3841 Num
1410 3776 1578 3845 Caesaris

430 3881 697 3961 considerantia,
722 3887 838 3946 utrum
862 3882 994 3946 auxilio
1013 3881 1063 3945 eis
1082 3881 1222 3946 veniret
1244 3900 1367 3963 necne,
1391 3883 1576 3967 intererat,

432 3991 549 4050 utrum
573 4004 637 4050 sua
660 3990 784 4068 sponte
808 4004 854 4050 an
877 3987 914 4050 vi
938 3986 1055 4049 coacti
1083 3987 1327 4069 proficiscendi
1349 3988 1493 4052 veniam
1517 3990 1576 4055 de·

431 4091 574 4171 dissent,
597 4094 635 4154 ut
650 4090 716 4155 Dio
735 4095 833 4155 reete
851 4091 962 4155 verbo
981 4086 1063 4173 ὅμως
1085 4091 1136 4155 uti
1158 4091 1299 4173 posset?
1335 4090 1437 4157 Haec
1456 4094 1578 4159 omnia

431 4193 509 4260 fieri
530 4213 601 4259 non
623 4212 726 4278 posse
750 4198 910 4277 apparet.

534 4297 634 4381 Quod
653 4298 700 4363 ad
718 4298 870 4364 alteram
882 4298 1081 4362 Miealellae
1099 4298 1575 4381 interpretationemattinet

431 4401 534 4487 (nihil
566 4404 744 4485 eiusmodi,
778 4404 870 4487 quod
899 4404 1058 4486 perpessi
1085 4408 1196 4483 erant,
1230 4403 1405 4486 dixerunt,
1437 4405 1501 4471 sed
1524 4406 1576 4472 in-

430 4507 539 4573 iurias
579 4513 749 4592 acceptas
783 4509 819 4573 in
857 4508 970 4572 maius
1004 4509 1233 4591 extulerunt),
1273 4511 1384 4575 verbo
1417 4508 1578 4595 πράττειν
