<?xml version="1.0" encoding="UTF-8"?>
<!DOCTYPE html PUBLIC "-//W3C//DTD XHTML 1.0 Transitional//EN"
    "http://www.w3.org/TR/xhtml1/DTD/xhtml1-transitional.dtd">
<html xmlns="http://www.w3.org/1999/xhtml" xml:lang="en" lang="en">
 <head>
  <title>
</title>
<meta http-equiv="Content-Type" content="text/html;charset=utf-8" />
  <meta name='ocr-system' content='tesseract 3.04.00' />
  <meta name='ocr-capabilities' content='ocr_page ocr_carea ocr_par ocr_line ocrx_word'/>
</head>
<body>
  <div class='ocr_page' id='page_1' title='image "./quaeratiointerc00willgoog_0035.png"; bbox 0 0 3792 5250; ppageno 0'>
   <div class='ocr_carea' id='block_1_1' title="bbox 919 652 961 719">
    <p class='ocr_par' dir='ltr' id='par_1_1' title="bbox 919 652 961 719">
     <span class='ocr_line' id='line_1_1' title="bbox 919 652 961 719; baseline -0.048 0"><span class='ocrx_word' id='word_1_1' title='bbox 919 652 961 719; x_wconf 89' lang='grc'>31</span> 
     </span>
    </p>
   </div>
   <div class='ocr_carea' id='block_1_2' title="bbox 368 859 1517 4092">
    <p class='ocr_par' dir='ltr' id='par_1_2' title="bbox 369 859 1512 1048">
     <span class='ocr_line' id='line_1_2' title="bbox 369 859 1512 941; baseline -0.003 -12"><span class='ocrx_word' id='word_1_2' title='bbox 369 865 459 929; x_wconf 91' lang='lat' dir='ltr'><strong>ultro</strong></span> <span class='ocrx_word' id='word_1_3' title='bbox 484 862 520 925; x_wconf 93' lang='lat' dir='ltr'><strong>in</strong></span> <span class='ocrx_word' id='word_1_4' title='bbox 544 862 594 926; x_wconf 89' lang='lat' dir='ltr'><strong>eis</strong></span> <span class='ocrx_word' id='word_1_5' title='bbox 612 860 804 925; x_wconf 82' lang='lat' dir='ltr'><strong>maximam</strong></span> <span class='ocrx_word' id='word_1_6' title='bbox 822 861 931 926; x_wconf 89' lang='lat' dir='ltr'><strong>habet</strong></span> <span class='ocrx_word' id='word_1_7' title='bbox 949 860 1126 940; x_wconf 81' lang='lat' dir='ltr'><strong>fiduciam,</strong></span> <span class='ocrx_word' id='word_1_8' title='bbox 1149 859 1212 924; x_wconf 90' lang='lat' dir='ltr'><strong>sed</strong></span> <span class='ocrx_word' id='word_1_9' title='bbox 1236 860 1328 941; x_wconf 89' lang='lat' dir='ltr'><strong>quod</strong></span> <span class='ocrx_word' id='word_1_10' title='bbox 1350 859 1512 925; x_wconf 83' lang='lat' dir='ltr'><strong>milites</strong></span> 
     </span>
     <span class='ocr_line' id='line_1_3' title="bbox 370 964 1460 1048; baseline -0.003 -15"><span class='ocrx_word' id='word_1_11' title='bbox 370 984 572 1033; x_wconf 80' lang='lat' dir='ltr'><strong>convocare</strong></span> <span class='ocrx_word' id='word_1_12' title='bbox 595 967 788 1030; x_wconf 87' lang='lat' dir='ltr'><strong>verebatur</strong></span> <span class='ocrx_word' id='word_1_13' title='bbox 810 984 924 1048; x_wconf 90' lang='lat' dir='ltr'><strong>neque</strong></span> <span class='ocrx_word' id='word_1_14' title='bbox 948 966 1137 1047; x_wconf 81' lang='lat' dir='ltr'><strong>quidquam</strong></span> <span class='ocrx_word' id='word_1_15' title='bbox 1162 964 1259 1028; x_wconf 90' lang='lat' dir='ltr'><strong>aliud</strong></span> <span class='ocrx_word' id='word_1_16' title='bbox 1283 965 1315 1029; x_wconf 91' lang='lat' dir='ltr'><strong>ei</strong></span> <span class='ocrx_word' id='word_1_17' title='bbox 1338 969 1460 1031; x_wconf 88' lang='lat' dir='ltr'><strong>restat.</strong></span> 
     </span>
    </p>

    <p class='ocr_par' dir='ltr' id='par_1_3' title="bbox 368 1069 1517 4092">
     <span class='ocr_line' id='line_1_4' title="bbox 436 1069 1512 1155; baseline 0.003 -22"><span class='ocrx_word' id='word_1_18' title='bbox 436 1128 438 1132; x_wconf 12' lang='grc' dir='ltr'><em>Α</em></span> <span class='ocrx_word' id='word_1_19' title='bbox 472 1072 616 1135; x_wconf 90' lang='lat' dir='ltr'><strong>Minime</strong></span> <span class='ocrx_word' id='word_1_20' title='bbox 638 1076 737 1136; x_wconf 83' lang='lat' dir='ltr'><strong>reete</strong></span> <span class='ocrx_word' id='word_1_21' title='bbox 760 1070 940 1135; x_wconf 88' lang='lat' dir='ltr'><strong>Miealella</strong></span> <span class='ocrx_word' id='word_1_22' title='bbox 965 1069 1015 1155; x_wconf 88' lang='lat' dir='ltr'><strong>(p.</strong></span> <span class='ocrx_word' id='word_1_23' title='bbox 1039 1070 1098 1155; x_wconf 84' lang='grc'><strong>45)</strong></span> <span class='ocrx_word' id='word_1_24' title='bbox 1122 1069 1245 1134; x_wconf 91' lang='lat' dir='ltr'><strong>Dionis</strong></span> <span class='ocrx_word' id='word_1_25' title='bbox 1269 1069 1420 1134; x_wconf 91' lang='lat' dir='ltr'><strong>orationi</strong></span> <span class='ocrx_word' id='word_1_26' title='bbox 1444 1070 1512 1155; x_wconf 96' lang='grc'>(38,</span> 
     </span>
     <span class='ocr_line' id='line_1_5' title="bbox 370 1160 1512 1261; baseline -0.003 -18"><span class='ocrx_word' id='word_1_27' title='bbox 370 1160 516 1261; x_wconf 66' lang='lat' dir='ltr'><strong>&#39;at-&gt;m</strong></span> <span class='ocrx_word' id='word_1_28' title='bbox 540 1175 674 1258; x_wconf 89' lang='lat' dir='ltr'><strong>aliquid</strong></span> <span class='ocrx_word' id='word_1_29' title='bbox 692 1176 815 1240; x_wconf 81' lang='lat' dir='ltr'><strong>tribuit</strong></span> <span class='ocrx_word' id='word_1_30' title='bbox 833 1194 947 1257; x_wconf 89' lang='lat' dir='ltr'><strong>eaque</strong></span> <span class='ocrx_word' id='word_1_31' title='bbox 966 1175 1076 1239; x_wconf 90' lang='lat' dir='ltr'><strong>utitur</strong></span> <span class='ocrx_word' id='word_1_32' title='bbox 1095 1174 1141 1238; x_wconf 89' lang='lat' dir='ltr'><strong>ad</strong></span> <span class='ocrx_word' id='word_1_33' title='bbox 1159 1175 1512 1261; x_wconf 85' lang='lat' dir='ltr'><strong>argumentationem.</strong></span> 
     </span>
     <span class='ocr_line' id='line_1_6' title="bbox 368 1277 1514 1363; baseline -0.003 -17"><span class='ocrx_word' id='word_1_34' title='bbox 368 1281 494 1347; x_wconf 89' lang='lat' dir='ltr'><strong>Abisse</strong></span> <span class='ocrx_word' id='word_1_35' title='bbox 526 1284 688 1363; x_wconf 89' lang='lat' dir='ltr'><strong>tempora</strong></span> <span class='ocrx_word' id='word_1_36' title='bbox 710 1280 925 1345; x_wconf 82' lang='lat' dir='ltr'><strong>Miealellarn</strong></span> <span class='ocrx_word' id='word_1_37' title='bbox 957 1280 1056 1362; x_wconf 85' lang='lat' dir='ltr'><strong>fugit,</strong></span> <span class='ocrx_word' id='word_1_38' title='bbox 1089 1279 1214 1360; x_wconf 88' lang='lat' dir='ltr'><strong>quibus</strong></span> <span class='ocrx_word' id='word_1_39' title='bbox 1237 1277 1360 1342; x_wconf 90' lang='lat' dir='ltr'><strong>Dionis</strong></span> <span class='ocrx_word' id='word_1_40' title='bbox 1389 1279 1514 1343; x_wconf 90' lang='lat' dir='ltr'><strong>oratio-</strong></span> 
     </span>
     <span class='ocr_line' id='line_1_7' title="bbox 370 1380 1514 1468; baseline -0.003 -18"><span class='ocrx_word' id='word_1_41' title='bbox 370 1404 434 1450; x_wconf 88' lang='lat' dir='ltr'><strong>nes</strong></span> <span class='ocrx_word' id='word_1_42' title='bbox 457 1385 503 1449; x_wconf 84' lang='lat' dir='ltr'><strong>ed</strong></span> <span class='ocrx_word' id='word_1_43' title='bbox 525 1402 583 1449; x_wconf 91' lang='lat' dir='ltr'><strong>res</strong></span> <span class='ocrx_word' id='word_1_44' title='bbox 605 1384 784 1468; x_wconf 90' lang='lat' dir='ltr'><strong>pertinere</strong></span> <span class='ocrx_word' id='word_1_45' title='bbox 806 1384 1033 1467; x_wconf 89' lang='lat' dir='ltr'><strong>putabantur.</strong></span> <span class='ocrx_word' id='word_1_46' title='bbox 1080 1383 1184 1447; x_wconf 84' lang='lat' dir='ltr'><strong>Hane</strong></span> <span class='ocrx_word' id='word_1_47' title='bbox 1206 1380 1409 1466; x_wconf 89' lang='lat' dir='ltr'><strong>orationem,</strong></span> <span class='ocrx_word' id='word_1_48' title='bbox 1433 1402 1514 1448; x_wconf 87' lang='lat' dir='ltr'><strong>oum</strong></span> 
     </span>
     <span class='ocr_line' id='line_1_8' title="bbox 373 1488 1514 1572; baseline -0.001 -18"><span class='ocrx_word' id='word_1_49' title='bbox 373 1490 561 1555; x_wconf 88' lang='lat' dir='ltr'><strong>abhorreat</strong></span> <span class='ocrx_word' id='word_1_50' title='bbox 592 1490 638 1553; x_wconf 88' lang='lat' dir='ltr'><strong>ab</strong></span> <span class='ocrx_word' id='word_1_51' title='bbox 670 1509 730 1571; x_wconf 90' lang='lat' dir='ltr'><strong>eo,</strong></span> <span class='ocrx_word' id='word_1_52' title='bbox 766 1490 859 1572; x_wconf 91' lang='lat' dir='ltr'><strong>quod</strong></span> <span class='ocrx_word' id='word_1_53' title='bbox 891 1491 935 1554; x_wconf 91' lang='lat' dir='ltr'><strong>de</strong></span> <span class='ocrx_word' id='word_1_54' title='bbox 967 1490 1072 1554; x_wconf 88' lang='lat' dir='ltr'><strong>rebus</strong></span> <span class='ocrx_word' id='word_1_55' title='bbox 1103 1488 1213 1571; x_wconf 88' lang='lat' dir='ltr'><strong>gestis</strong></span> <span class='ocrx_word' id='word_1_56' title='bbox 1244 1488 1338 1552; x_wconf 90' lang='lat' dir='ltr'><strong>solus</strong></span> <span class='ocrx_word' id='word_1_57' title='bbox 1370 1493 1514 1553; x_wconf 88' lang='lat' dir='ltr'><strong>aeturus</strong></span> 
     </span>
     <span class='ocr_line' id='line_1_9' title="bbox 374 1592 1515 1677; baseline 0.001 -20"><span class='ocrx_word' id='word_1_58' title='bbox 374 1592 460 1657; x_wconf 89' lang='lat' dir='ltr'><strong>mihi</strong></span> <span class='ocrx_word' id='word_1_59' title='bbox 490 1592 665 1677; x_wconf 86' lang='lat' dir='ltr'><strong>proposui,</strong></span> <span class='ocrx_word' id='word_1_60' title='bbox 698 1593 843 1657; x_wconf 90' lang='lat' dir='ltr'><strong>missam</strong></span> <span class='ocrx_word' id='word_1_61' title='bbox 873 1593 979 1660; x_wconf 85' lang='lat' dir='ltr'><strong>faeie.</strong></span> <span class='ocrx_word' id='word_1_62' title='bbox 1026 1595 1064 1658; x_wconf 92' lang='lat' dir='ltr'><strong>In</strong></span> <span class='ocrx_word' id='word_1_63' title='bbox 1100 1612 1143 1658; x_wconf 87' lang='lat' dir='ltr'><strong>ea</strong></span> <span class='ocrx_word' id='word_1_64' title='bbox 1175 1594 1341 1676; x_wconf 86' lang='lat' dir='ltr'><strong>fingenda</strong></span> <span class='ocrx_word' id='word_1_65' title='bbox 1364 1592 1515 1660; x_wconf 91' lang='lat' dir='ltr'><strong>Dionem</strong></span> 
     </span>
     <span class='ocr_line' id='line_1_10' title="bbox 373 1697 1515 1781; baseline 0.005 -21"><span class='ocrx_word' id='word_1_66' title='bbox 373 1713 536 1779; x_wconf 82' lang='lat' dir='ltr'><strong>magnam</strong></span> <span class='ocrx_word' id='word_1_67' title='bbox 560 1702 698 1781; x_wconf 88' lang='lat' dir='ltr'><strong>partem</strong></span> <span class='ocrx_word' id='word_1_68' title='bbox 722 1699 810 1762; x_wconf 93' lang='lat' dir='ltr'><strong>alios</strong></span> <span class='ocrx_word' id='word_1_69' title='bbox 834 1697 1051 1762; x_wconf 76' lang='lat' dir='ltr'><strong>Graecorum</strong></span> <span class='ocrx_word' id='word_1_70' title='bbox 1075 1703 1238 1763; x_wconf 69' lang='lat' dir='ltr'><strong>allatores</strong></span> <span class='ocrx_word' id='word_1_71' title='bbox 1261 1698 1415 1763; x_wconf 91' lang='lat' dir='ltr'><strong>imitatos</strong></span> <span class='ocrx_word' id='word_1_72' title='bbox 1437 1718 1515 1766; x_wconf 90' lang='lat' dir='ltr'><strong>esse</strong></span> 
     </span>
     <span class='ocr_line' id='line_1_11' title="bbox 374 1801 1515 1887; baseline 0.004 -23"><span class='ocrx_word' id='word_1_73' title='bbox 374 1801 430 1866; x_wconf 86' lang='lat' dir='ltr'><strong>vel</strong></span> <span class='ocrx_word' id='word_1_74' title='bbox 469 1803 585 1885; x_wconf 91' lang='lat' dir='ltr'><strong>potius</strong></span> <span class='ocrx_word' id='word_1_75' title='bbox 622 1802 870 1886; x_wconf 80' lang='lat' dir='ltr'><strong>descripsisse,</strong></span> <span class='ocrx_word' id='word_1_76' title='bbox 912 1802 1261 1887; x_wconf 77' lang='lat' dir='ltr'><strong>Koehly-Rlistow1)</strong></span> <span class='ocrx_word' id='word_1_77' title='bbox 1303 1807 1338 1868; x_wconf 94' lang='lat' dir='ltr'><strong>et</strong></span> <span class='ocrx_word' id='word_1_78' title='bbox 1380 1805 1515 1869; x_wconf 88' lang='lat' dir='ltr'><strong>Melber</strong></span> 
     </span>
     <span class='ocr_line' id='line_1_12' title="bbox 373 1905 1515 1994; baseline 0.003 -22"><span class='ocrx_word' id='word_1_79' title='bbox 373 1905 423 1990; x_wconf 90' lang='lat' dir='ltr'><strong>(p.</strong></span> <span class='ocrx_word' id='word_1_80' title='bbox 436 1905 496 1994; x_wconf 76' lang='grc'><strong>72)</strong></span> <span class='ocrx_word' id='word_1_81' title='bbox 509 1908 810 1990; x_wconf 81' lang='lat' dir='ltr'><strong>significaverunt,</strong></span> <span class='ocrx_word' id='word_1_82' title='bbox 822 1912 866 1989; x_wconf 92' lang='lat' dir='ltr'><strong>et,</strong></span> <span class='ocrx_word' id='word_1_83' title='bbox 878 1913 1048 1990; x_wconf 87' lang='lat' dir='ltr'><strong>quantum</strong></span> <span class='ocrx_word' id='word_1_84' title='bbox 1060 1909 1187 1974; x_wconf 84' lang='lat' dir='ltr'><strong>attinet</strong></span> <span class='ocrx_word' id='word_1_85' title='bbox 1200 1909 1247 1973; x_wconf 88' lang='lat' dir='ltr'><strong>ad</strong></span> <span class='ocrx_word' id='word_1_86' title='bbox 1261 1907 1515 1992; x_wconf 76' lang='lat' dir='ltr'><strong>Thucydidem,</strong></span> 
     </span>
     <span class='ocr_line' id='line_1_13' title="bbox 371 2008 1515 2099; baseline 0.003 -25"><span class='ocrx_word' id='word_1_87' title='bbox 371 2008 587 2099; x_wconf 80' lang='lat' dir='ltr'><strong>Kynitsoh2)</strong></span> <span class='ocrx_word' id='word_1_88' title='bbox 611 2014 877 2078; x_wconf 83' lang='lat' dir='ltr'><strong>demonstravit.</strong></span> <span class='ocrx_word' id='word_1_89' title='bbox 923 2013 978 2078; x_wconf 93' lang='lat' dir='ltr'><strong>De</strong></span> <span class='ocrx_word' id='word_1_90' title='bbox 1002 2013 1148 2096; x_wconf 84' lang='lat' dir='ltr'><strong>singulis</strong></span> <span class='ocrx_word' id='word_1_91' title='bbox 1177 2013 1258 2077; x_wconf 91' lang='lat' dir='ltr'><strong>solis</strong></span> <span class='ocrx_word' id='word_1_92' title='bbox 1281 2016 1387 2078; x_wconf 89' lang='lat' dir='ltr'><strong>rebus</strong></span> <span class='ocrx_word' id='word_1_93' title='bbox 1410 2032 1432 2078; x_wconf 92' lang='lat' dir='ltr'><strong>a</strong></span> <span class='ocrx_word' id='word_1_94' title='bbox 1454 2015 1515 2079; x_wconf 91' lang='lat' dir='ltr'><strong>Mi-</strong></span> 
     </span>
     <span class='ocr_line' id='line_1_14' title="bbox 372 2118 1515 2202; baseline 0 -18"><span class='ocrx_word' id='word_1_95' title='bbox 372 2118 502 2184; x_wconf 84' lang='lat' dir='ltr'><strong>ealella</strong></span> <span class='ocrx_word' id='word_1_96' title='bbox 524 2119 667 2202; x_wconf 86' lang='lat' dir='ltr'><strong>proprie</strong></span> <span class='ocrx_word' id='word_1_97' title='bbox 689 2119 725 2183; x_wconf 93' lang='lat' dir='ltr'><strong>in</strong></span> <span class='ocrx_word' id='word_1_98' title='bbox 748 2119 902 2184; x_wconf 89' lang='lat' dir='ltr'><strong>medium</strong></span> <span class='ocrx_word' id='word_1_99' title='bbox 920 2119 1068 2202; x_wconf 90' lang='lat' dir='ltr'><strong>prolatis</strong></span> <span class='ocrx_word' id='word_1_100' title='bbox 1090 2119 1298 2184; x_wconf 87' lang='lat' dir='ltr'><strong>brevissime</strong></span> <span class='ocrx_word' id='word_1_101' title='bbox 1317 2119 1515 2202; x_wconf 87' lang='lat' dir='ltr'><strong>disputabo.</strong></span> 
     </span>
     <span class='ocr_line' id='line_1_15' title="bbox 372 2221 1516 2306; baseline 0.002 -19"><span class='ocrx_word' id='word_1_102' title='bbox 372 2223 571 2287; x_wconf 81' lang='lat' dir='ltr'><strong>Nonnullae</strong></span> <span class='ocrx_word' id='word_1_103' title='bbox 602 2241 724 2288; x_wconf 89' lang='lat' dir='ltr'><strong>earum</strong></span> <span class='ocrx_word' id='word_1_104' title='bbox 748 2242 770 2287; x_wconf 92' lang='lat' dir='ltr'><strong>a</strong></span> <span class='ocrx_word' id='word_1_105' title='bbox 793 2223 907 2287; x_wconf 91' lang='lat' dir='ltr'><strong>Dione</strong></span> <span class='ocrx_word' id='word_1_106' title='bbox 931 2242 950 2287; x_wconf 92' lang='lat' dir='ltr'><strong>e</strong></span> <span class='ocrx_word' id='word_1_107' title='bbox 974 2221 1128 2287; x_wconf 79' lang='lat' dir='ltr'><strong>Caesare</strong></span> <span class='ocrx_word' id='word_1_108' title='bbox 1157 2228 1318 2306; x_wconf 87' lang='lat' dir='ltr'><strong>sumptae</strong></span> <span class='ocrx_word' id='word_1_109' title='bbox 1350 2228 1445 2306; x_wconf 89' lang='lat' dir='ltr'><strong>sunt;</strong></span> <span class='ocrx_word' id='word_1_110' title='bbox 1479 2231 1516 2289; x_wconf 92' lang='lat' dir='ltr'><strong>ut</strong></span> 
     </span>
     <span class='ocr_line' id='line_1_16' title="bbox 370 2328 1515 2413; baseline 0.001 -21"><span class='ocrx_word' id='word_1_111' title='bbox 370 2328 417 2409; x_wconf 91' lang='lat' dir='ltr'><strong>id,</strong></span> <span class='ocrx_word' id='word_1_112' title='bbox 440 2329 533 2410; x_wconf 93' lang='lat' dir='ltr'><strong>quod</strong></span> <span class='ocrx_word' id='word_1_113' title='bbox 557 2328 643 2392; x_wconf 89' lang='lat' dir='ltr'><strong>dioit</strong></span> <span class='ocrx_word' id='word_1_114' title='bbox 666 2328 734 2412; x_wconf 88' lang='grc'>(38,</span> <span class='ocrx_word' id='word_1_115' title='bbox 748 2328 799 2409; x_wconf 87' lang='grc'><strong>30,</strong></span> <span class='ocrx_word' id='word_1_116' title='bbox 815 2329 852 2413; x_wconf 89' lang='grc'><strong>4)</strong></span> <span class='ocrx_word' id='word_1_117' title='bbox 877 2330 920 2393; x_wconf 90' lang='lat' dir='ltr'><strong>de</strong></span> <span class='ocrx_word' id='word_1_118' title='bbox 939 2329 1039 2392; x_wconf 85' lang='lat' dir='ltr'><strong>duois</strong></span> <span class='ocrx_word' id='word_1_119' title='bbox 1058 2333 1235 2410; x_wconf 87' lang='lat' dir='ltr'><strong>potestate</strong></span> <span class='ocrx_word' id='word_1_120' title='bbox 1254 2330 1350 2394; x_wconf 89' lang='lat' dir='ltr'><strong>bella</strong></span> <span class='ocrx_word' id='word_1_121' title='bbox 1368 2330 1515 2412; x_wconf 87' lang='lat' dir='ltr'><strong>ferendi,</strong></span> 
     </span>
     <span class='ocr_line' id='line_1_17' title="bbox 371 2433 1516 2519; baseline 0.003 -23"><span class='ocrx_word' id='word_1_122' title='bbox 371 2451 580 2515; x_wconf 81' lang='lat' dir='ltr'><strong>quoeunque</strong></span> <span class='ocrx_word' id='word_1_123' title='bbox 605 2434 637 2497; x_wconf 88' lang='lat' dir='ltr'><strong>ei</strong></span> <span class='ocrx_word' id='word_1_124' title='bbox 659 2435 803 2515; x_wconf 86' lang='lat' dir='ltr'><strong>plaoeat</strong></span> <span class='ocrx_word' id='word_1_125' title='bbox 827 2435 887 2517; x_wconf 85' lang='grc'>(01.</span> <span class='ocrx_word' id='word_1_126' title='bbox 909 2433 1008 2498; x_wconf 83' lang='lat' dir='ltr'><strong>Caes</strong></span> <span class='ocrx_word' id='word_1_127' title='bbox 1026 2433 1119 2515; x_wconf 91' lang='grc'>1,40,</span> <span class='ocrx_word' id='word_1_128' title='bbox 1137 2435 1174 2519; x_wconf 89' lang='grc'>1)</span> <span class='ocrx_word' id='word_1_129' title='bbox 1192 2438 1227 2498; x_wconf 88' lang='lat' dir='ltr'><strong>et</strong></span> <span class='ocrx_word' id='word_1_130' title='bbox 1246 2434 1290 2498; x_wconf 93' lang='lat' dir='ltr'><strong>de</strong></span> <span class='ocrx_word' id='word_1_131' title='bbox 1309 2436 1516 2517; x_wconf 85' lang='lat' dir='ltr'><strong>arrogantia</strong></span> 
     </span>
     <span class='ocr_line' id='line_1_18' title="bbox 371 2537 1515 2624; baseline 0.003 -23"><span class='ocrx_word' id='word_1_132' title='bbox 371 2537 520 2601; x_wconf 89' lang='lat' dir='ltr'><strong>militum</strong></span> <span class='ocrx_word' id='word_1_133' title='bbox 549 2537 663 2620; x_wconf 83' lang='lat' dir='ltr'><strong>(Caes.</strong></span> <span class='ocrx_word' id='word_1_134' title='bbox 687 2538 714 2621; x_wconf 90' lang='lat' dir='ltr'><strong>I,</strong></span> <span class='ocrx_word' id='word_1_135' title='bbox 745 2538 798 2618; x_wconf 86' lang='grc'><strong>40,</strong></span> <span class='ocrx_word' id='word_1_136' title='bbox 832 2537 883 2618; x_wconf 84' lang='grc'><strong>10,</strong></span> <span class='ocrx_word' id='word_1_137' title='bbox 921 2537 986 2624; x_wconf 84' lang='grc'>12).</span> <span class='ocrx_word' id='word_1_138' title='bbox 1041 2539 1132 2620; x_wconf 86' lang='lat' dir='ltr'><strong>Alia,</strong></span> <span class='ocrx_word' id='word_1_139' title='bbox 1166 2539 1264 2604; x_wconf 88' lang='lat' dir='ltr'><strong>velut</strong></span> <span class='ocrx_word' id='word_1_140' title='bbox 1288 2557 1380 2621; x_wconf 89' lang='lat' dir='ltr'><strong>quae</strong></span> <span class='ocrx_word' id='word_1_141' title='bbox 1403 2539 1447 2604; x_wconf 88' lang='lat' dir='ltr'><strong>de</strong></span> <span class='ocrx_word' id='word_1_142' title='bbox 1470 2541 1515 2604; x_wconf 87' lang='grc'><strong>01-</strong></span> 
     </span>
     <span class='ocr_line' id='line_1_19' title="bbox 375 2641 1516 2728; baseline 0.004 -24"><span class='ocrx_word' id='word_1_143' title='bbox 375 2642 470 2705; x_wconf 87' lang='lat' dir='ltr'><strong>vium</strong></span> <span class='ocrx_word' id='word_1_144' title='bbox 493 2642 617 2706; x_wconf 77' lang='lat' dir='ltr'><strong>officiis</strong></span> <span class='ocrx_word' id='word_1_145' title='bbox 640 2644 786 2725; x_wconf 85' lang='lat' dir='ltr'><strong>exponit</strong></span> <span class='ocrx_word' id='word_1_146' title='bbox 804 2641 872 2728; x_wconf 90' lang='grc'>(38,</span> <span class='ocrx_word' id='word_1_147' title='bbox 898 2642 968 2728; x_wconf 85' lang='grc'>30),</span> <span class='ocrx_word' id='word_1_148' title='bbox 991 2644 1120 2707; x_wconf 91' lang='lat' dir='ltr'><strong>hausta</strong></span> <span class='ocrx_word' id='word_1_149' title='bbox 1143 2661 1221 2708; x_wconf 90' lang='lat' dir='ltr'><strong>esse</strong></span> <span class='ocrx_word' id='word_1_150' title='bbox 1244 2662 1289 2708; x_wconf 88' lang='lat' dir='ltr'><strong>ex</strong></span> <span class='ocrx_word' id='word_1_151' title='bbox 1308 2643 1516 2725; x_wconf 86' lang='lat' dir='ltr'><strong>Thucydide</strong></span> 
     </span>
     <span class='ocr_line' id='line_1_20' title="bbox 375 2746 1515 2834; baseline 0.004 -26"><span class='ocrx_word' id='word_1_152' title='bbox 375 2746 526 2811; x_wconf 88' lang='lat' dir='ltr'><strong>ostendit</strong></span> <span class='ocrx_word' id='word_1_153' title='bbox 547 2746 725 2827; x_wconf 84' lang='lat' dir='ltr'><strong>Kynitseh</strong></span> <span class='ocrx_word' id='word_1_154' title='bbox 760 2747 809 2833; x_wconf 90' lang='lat' dir='ltr'><strong>(p.</strong></span> <span class='ocrx_word' id='word_1_155' title='bbox 833 2746 853 2814; x_wconf 88' lang='grc'>9</span> <span class='ocrx_word' id='word_1_156' title='bbox 877 2748 980 2834; x_wconf 86' lang='lat' dir='ltr'><strong>sqq).</strong></span> <span class='ocrx_word' id='word_1_157' title='bbox 1027 2748 1129 2830; x_wconf 80' lang='lat' dir='ltr'><strong>Quod</strong></span> <span class='ocrx_word' id='word_1_158' title='bbox 1163 2749 1291 2812; x_wconf 91' lang='lat' dir='ltr'><strong>attinet</strong></span> <span class='ocrx_word' id='word_1_159' title='bbox 1314 2749 1360 2813; x_wconf 89' lang='lat' dir='ltr'><strong>ad</strong></span> <span class='ocrx_word' id='word_1_160' title='bbox 1383 2750 1515 2813; x_wconf 88' lang='lat' dir='ltr'><strong>bellum</strong></span> 
     </span>
     <span class='ocr_line' id='line_1_21' title="bbox 375 2852 1516 2938; baseline 0.004 -24"><span class='ocrx_word' id='word_1_161' title='bbox 375 2868 397 2914; x_wconf 90' lang='lat' dir='ltr'><strong>a</strong></span> <span class='ocrx_word' id='word_1_162' title='bbox 418 2856 543 2917; x_wconf 89' lang='lat' dir='ltr'><strong>senatu</strong></span> <span class='ocrx_word' id='word_1_163' title='bbox 566 2872 636 2916; x_wconf 90' lang='lat' dir='ltr'><strong>non</strong></span> <span class='ocrx_word' id='word_1_164' title='bbox 660 2853 841 2918; x_wconf 75' lang='lat' dir='ltr'><strong>decretum</strong></span> <span class='ocrx_word' id='word_1_165' title='bbox 872 2853 940 2937; x_wconf 90' lang='grc'>(38,</span> <span class='ocrx_word' id='word_1_166' title='bbox 963 2852 1032 2938; x_wconf 87' lang='grc'>41),</span> <span class='ocrx_word' id='word_1_167' title='bbox 1065 2854 1137 2917; x_wconf 88' lang='lat' dir='ltr'><strong>iarn</strong></span> <span class='ocrx_word' id='word_1_168' title='bbox 1164 2872 1271 2937; x_wconf 89' lang='lat' dir='ltr'><strong>supra</strong></span> <span class='ocrx_word' id='word_1_169' title='bbox 1300 2854 1516 2937; x_wconf 89' lang='lat' dir='ltr'><strong>disputatum</strong></span> 
     </span>
     <span class='ocr_line' id='line_1_22' title="bbox 373 2956 1515 3037; baseline 0.004 -18"><span class='ocrx_word' id='word_1_170' title='bbox 373 2959 440 3036; x_wconf 91' lang='lat' dir='ltr'><strong>est;</strong></span> <span class='ocrx_word' id='word_1_171' title='bbox 465 2956 546 3036; x_wconf 89' lang='lat' dir='ltr'><strong>alia,</strong></span> <span class='ocrx_word' id='word_1_172' title='bbox 570 2957 668 3021; x_wconf 88' lang='lat' dir='ltr'><strong>velut</strong></span> <span class='ocrx_word' id='word_1_173' title='bbox 691 2976 761 3021; x_wconf 93' lang='grc'><strong>000</strong></span> <span class='ocrx_word' id='word_1_174' title='bbox 784 2958 886 3021; x_wconf 87' lang='lat' dir='ltr'><strong>modo</strong></span> <span class='ocrx_word' id='word_1_175' title='bbox 910 2976 977 3037; x_wconf 80' lang='grc'>000,</span> <span class='ocrx_word' id='word_1_176' title='bbox 1002 2958 1064 3022; x_wconf 91' lang='lat' dir='ltr'><strong>sed</strong></span> <span class='ocrx_word' id='word_1_177' title='bbox 1088 2959 1196 3022; x_wconf 90' lang='lat' dir='ltr'><strong>etiam</strong></span> <span class='ocrx_word' id='word_1_178' title='bbox 1214 2960 1415 3023; x_wconf 88' lang='lat' dir='ltr'><strong>voluntates</strong></span> <span class='ocrx_word' id='word_1_179' title='bbox 1439 2978 1515 3024; x_wconf 90' lang='lat' dir='ltr'><strong>esse</strong></span> 
     </span>
     <span class='ocr_line' id='line_1_23' title="bbox 373 3060 1515 3146; baseline 0.004 -23"><span class='ocrx_word' id='word_1_180' title='bbox 373 3062 588 3143; x_wconf 77' lang='lat' dir='ltr'><strong>spectandas</strong></span> <span class='ocrx_word' id='word_1_181' title='bbox 622 3060 692 3145; x_wconf 90' lang='grc'>(38,</span> <span class='ocrx_word' id='word_1_182' title='bbox 721 3060 791 3146; x_wconf 81' lang='grc'>42),</span> <span class='ocrx_word' id='word_1_183' title='bbox 828 3063 886 3126; x_wconf 86' lang='lat' dir='ltr'><strong>vel</strong></span> <span class='ocrx_word' id='word_1_184' title='bbox 915 3063 1008 3143; x_wconf 92' lang='lat' dir='ltr'><strong>quod</strong></span> <span class='ocrx_word' id='word_1_185' title='bbox 1037 3063 1081 3127; x_wconf 91' lang='lat' dir='ltr'><strong>de</strong></span> <span class='ocrx_word' id='word_1_186' title='bbox 1109 3064 1214 3127; x_wconf 90' lang='lat' dir='ltr'><strong>rebus</strong></span> <span class='ocrx_word' id='word_1_187' title='bbox 1237 3062 1414 3144; x_wconf 90' lang='lat' dir='ltr'><strong>Romanis,</strong></span> <span class='ocrx_word' id='word_1_188' title='bbox 1448 3082 1515 3146; x_wconf 92' lang='lat' dir='ltr'><strong>quo</strong></span> 
     </span>
     <span class='ocr_line' id='line_1_24' title="bbox 373 3164 1516 3252; baseline 0.005 -25"><span class='ocrx_word' id='word_1_189' title='bbox 373 3165 451 3228; x_wconf 93' lang='grc'>1000</span> <span class='ocrx_word' id='word_1_190' title='bbox 474 3166 553 3247; x_wconf 89' lang='lat' dir='ltr'><strong>sint,</strong></span> <span class='ocrx_word' id='word_1_191' title='bbox 586 3166 789 3248; x_wconf 83' lang='lat' dir='ltr'><strong>exsequitur</strong></span> <span class='ocrx_word' id='word_1_192' title='bbox 821 3164 889 3249; x_wconf 91' lang='grc'>(38,</span> <span class='ocrx_word' id='word_1_193' title='bbox 915 3166 967 3247; x_wconf 85' lang='grc'>37,</span> <span class='ocrx_word' id='word_1_194' title='bbox 992 3167 1060 3252; x_wconf 87' lang='grc'>38),</span> <span class='ocrx_word' id='word_1_195' title='bbox 1097 3187 1117 3231; x_wconf 89' lang='grc'><strong>0</strong></span> <span class='ocrx_word' id='word_1_196' title='bbox 1155 3174 1236 3231; x_wconf 91' lang='lat' dir='ltr'><strong>suut</strong></span> <span class='ocrx_word' id='word_1_197' title='bbox 1259 3185 1316 3232; x_wconf 93' lang='lat' dir='ltr'><strong>res</strong></span> <span class='ocrx_word' id='word_1_198' title='bbox 1339 3172 1446 3251; x_wconf 90' lang='lat' dir='ltr'><strong>aptae</strong></span> <span class='ocrx_word' id='word_1_199' title='bbox 1470 3171 1516 3233; x_wconf 93' lang='lat' dir='ltr'><strong>ad</strong></span> 
     </span>
     <span class='ocr_line' id='line_1_25' title="bbox 373 3272 1515 3354; baseline 0.003 -19"><span class='ocrx_word' id='word_1_200' title='bbox 373 3290 495 3336; x_wconf 88' lang='lat' dir='ltr'><strong>omnes</strong></span> <span class='ocrx_word' id='word_1_201' title='bbox 526 3272 696 3336; x_wconf 87' lang='lat' dir='ltr'><strong>eiusmodi</strong></span> <span class='ocrx_word' id='word_1_202' title='bbox 729 3272 966 3352; x_wconf 79' lang='lat' dir='ltr'><strong>condiciones,</strong></span> <span class='ocrx_word' id='word_1_203' title='bbox 1004 3276 1049 3353; x_wconf 88' lang='lat' dir='ltr'><strong>et,</strong></span> <span class='ocrx_word' id='word_1_204' title='bbox 1083 3278 1121 3336; x_wconf 92' lang='lat' dir='ltr'><strong>ut</strong></span> <span class='ocrx_word' id='word_1_205' title='bbox 1153 3273 1306 3337; x_wconf 88' lang='lat' dir='ltr'><strong>ostendit</strong></span> <span class='ocrx_word' id='word_1_206' title='bbox 1339 3272 1515 3354; x_wconf 83' lang='lat' dir='ltr'><strong>Kynitseh</strong></span> 
     </span>
     <span class='ocr_line' id='line_1_26' title="bbox 374 3376 1515 3463; baseline 0.004 -23"><span class='ocrx_word' id='word_1_207' title='bbox 374 3376 424 3461; x_wconf 91' lang='lat' dir='ltr'><strong>(p.</strong></span> <span class='ocrx_word' id='word_1_208' title='bbox 450 3377 506 3458; x_wconf 73' lang='lat'><strong>143</strong></span> <span class='ocrx_word' id='word_1_209' title='bbox 531 3377 599 3463; x_wconf 81' lang='grc'>10),</span> <span class='ocrx_word' id='word_1_210' title='bbox 624 3378 754 3459; x_wconf 90' lang='lat' dir='ltr'><strong>partim</strong></span> <span class='ocrx_word' id='word_1_211' title='bbox 779 3395 797 3441; x_wconf 90' lang='lat' dir='ltr'><strong>e</strong></span> <span class='ocrx_word' id='word_1_212' title='bbox 817 3376 1025 3458; x_wconf 81' lang='lat' dir='ltr'><strong>Thucydide</strong></span> <span class='ocrx_word' id='word_1_213' title='bbox 1049 3377 1259 3461; x_wconf 78' lang='lat' dir='ltr'><strong>descriptae.</strong></span> <span class='ocrx_word' id='word_1_214' title='bbox 1306 3378 1360 3442; x_wconf 89' lang='lat' dir='ltr'><strong>Ad</strong></span> <span class='ocrx_word' id='word_1_215' title='bbox 1383 3380 1515 3445; x_wconf 87' lang='lat' dir='ltr'><strong>verba:</strong></span> 
     </span>
     <span class='ocr_line' id='line_1_27' title="bbox 373 3479 1517 3572; baseline 0.003 -27"><span class='ocrx_word' id='word_1_216' title='bbox 373 3492 565 3567; x_wconf 78' lang='grc' dir='ltr'><em>πέμψαντος</em></span> <span class='ocrx_word' id='word_1_217' title='bbox 597 3480 656 3565; x_wconf 79' lang='grc' dir='ltr'><strong>γάρ</strong></span> <span class='ocrx_word' id='word_1_218' title='bbox 686 3506 748 3565; x_wconf 84' lang='grc' dir='ltr'><strong>μου</strong></span> <span class='ocrx_word' id='word_1_219' title='bbox 778 3480 860 3565; x_wconf 74' lang='grc' dir='ltr'><em>πρὸς</em></span> <span class='ocrx_word' id='word_1_220' title='bbox 894 3480 995 3547; x_wconf 78' lang='grc' dir='ltr'><em>αὐτὸν</em></span> <span class='ocrx_word' id='word_1_221' title='bbox 1026 3484 1165 3566; x_wconf 76' lang='grc' dir='ltr'><strong>φιλικῶς,</strong></span> <span class='ocrx_word' id='word_1_222' title='bbox 1204 3479 1291 3559; x_wconf 67' lang='lat' dir='ltr'><strong>tang</strong></span> <span class='ocrx_word' id='word_1_223' title='bbox 1321 3485 1404 3572; x_wconf 60' lang='grc' dir='ltr'><strong>ἔλθῃ</strong></span> <span class='ocrx_word' id='word_1_224' title='bbox 1435 3483 1517 3568; x_wconf 63' lang='grc' dir='ltr'><strong>πρὸς</strong></span> 
     </span>
     <span class='ocr_line' id='line_1_28' title="bbox 375 3576 1515 3677; baseline 0.004 -28"><span class='ocrx_word' id='word_1_225' title='bbox 375 3584 455 3676; x_wconf 67' lang='grc' dir='ltr'><strong><em>ἡμᾶς</em></strong></span> <span class='ocrx_word' id='word_1_226' title='bbox 456 3639 588 3664; x_wconf 85' lang='grc'>.....</span> <span class='ocrx_word' id='word_1_227' title='bbox 612 3584 678 3651; x_wconf 69' lang='lat' dir='ltr'><strong>oi&#39;e&#39;</strong></span> <span class='ocrx_word' id='word_1_228' title='bbox 700 3576 803 3677; x_wconf 70' lang='grc' dir='ltr'><strong><em>ἦλθεν</em></strong></span> <span class='ocrx_word' id='word_1_229' title='bbox 825 3585 900 3651; x_wconf 49' lang='grc'>0018</span> <span class='ocrx_word' id='word_1_230' title='bbox 922 3584 1009 3677; x_wconf 76' lang='grc' dir='ltr'><strong><em>ἥξειν</em></strong></span> <span class='ocrx_word' id='word_1_231' title='bbox 1032 3585 1188 3670; x_wconf 76' lang='grc' dir='ltr'><em>ὑπέσχετο</em></span> <span class='ocrx_word' id='word_1_232' title='bbox 1212 3588 1280 3673; x_wconf 80' lang='grc'>(38,</span> <span class='ocrx_word' id='word_1_233' title='bbox 1296 3588 1348 3672; x_wconf 78' lang='grc'>42,</span> <span class='ocrx_word' id='word_1_234' title='bbox 1361 3589 1397 3677; x_wconf 86' lang='grc'><strong>2)</strong></span> <span class='ocrx_word' id='word_1_235' title='bbox 1422 3591 1515 3655; x_wconf 83' lang='lat' dir='ltr'><strong>idem</strong></span> 
     </span>
     <span class='ocr_line' id='line_1_29' title="bbox 373 3691 1516 3777; baseline 0.004 -22"><span class='ocrx_word' id='word_1_236' title='bbox 373 3697 480 3773; x_wconf 91' lang='lat' dir='ltr'><strong>atque</strong></span> <span class='ocrx_word' id='word_1_237' title='bbox 503 3709 610 3775; x_wconf 89' lang='lat' dir='ltr'><strong>supra</strong></span> <span class='ocrx_word' id='word_1_238' title='bbox 634 3693 741 3758; x_wconf 90' lang='lat' dir='ltr'><strong>valet.</strong></span> <span class='ocrx_word' id='word_1_239' title='bbox 765 3729 809 3739; x_wconf 94' lang='lat'><em>-</em></span> <span class='ocrx_word' id='word_1_240' title='bbox 832 3691 902 3757; x_wconf 91' lang='lat' dir='ltr'><strong>Cur</strong></span> <span class='ocrx_word' id='word_1_241' title='bbox 925 3691 993 3756; x_wconf 90' lang='lat' dir='ltr'><strong>Dio</strong></span> <span class='ocrx_word' id='word_1_242' title='bbox 1016 3694 1169 3777; x_wconf 88' lang='lat' dir='ltr'><strong>plurima</strong></span> <span class='ocrx_word' id='word_1_243' title='bbox 1192 3694 1305 3759; x_wconf 85' lang='lat' dir='ltr'><strong>verba</strong></span> <span class='ocrx_word' id='word_1_244' title='bbox 1328 3695 1456 3759; x_wconf 84' lang='lat' dir='ltr'><strong>feeerit</strong></span> <span class='ocrx_word' id='word_1_245' title='bbox 1472 3695 1516 3760; x_wconf 90' lang='lat' dir='ltr'><strong>de</strong></span> 
     </span>
     <span class='ocr_line' id='line_1_30' title="bbox 373 3796 1516 3880; baseline 0.004 -22"><span class='ocrx_word' id='word_1_246' title='bbox 373 3796 500 3860; x_wconf 87' lang='lat' dir='ltr'><strong>iniuria</strong></span> <span class='ocrx_word' id='word_1_247' title='bbox 517 3796 683 3860; x_wconf 85' lang='lat' dir='ltr'><strong>Ariovisti</strong></span> <span class='ocrx_word' id='word_1_248' title='bbox 702 3815 870 3880; x_wconf 89' lang='lat' dir='ltr'><strong>responso</strong></span> <span class='ocrx_word' id='word_1_249' title='bbox 884 3796 1030 3862; x_wconf 85' lang='lat' dir='ltr'><strong>Caesari</strong></span> <span class='ocrx_word' id='word_1_250' title='bbox 1048 3798 1158 3879; x_wconf 87' lang='lat' dir='ltr'><strong>illata,</strong></span> <span class='ocrx_word' id='word_1_251' title='bbox 1176 3817 1256 3863; x_wconf 88' lang='lat' dir='ltr'><strong>eam</strong></span> <span class='ocrx_word' id='word_1_252' title='bbox 1275 3817 1352 3863; x_wconf 89' lang='lat' dir='ltr'><strong>esse</strong></span> <span class='ocrx_word' id='word_1_253' title='bbox 1370 3817 1516 3863; x_wconf 86' lang='lat' dir='ltr'><strong>eausam</strong></span> 
     </span>
     <span class='ocr_line' id='line_1_31' title="bbox 374 3901 1517 3984; baseline 0.004 -21"><span class='ocrx_word' id='word_1_254' title='bbox 374 3905 534 3983; x_wconf 88' lang='lat' dir='ltr'><strong>apparet,</strong></span> <span class='ocrx_word' id='word_1_255' title='bbox 574 3901 666 3983; x_wconf 94' lang='lat' dir='ltr'><strong>quod</strong></span> <span class='ocrx_word' id='word_1_256' title='bbox 702 3901 771 3965; x_wconf 84' lang='lat' dir='ltr'><strong>hae</strong></span> <span class='ocrx_word' id='word_1_257' title='bbox 802 3920 841 3967; x_wconf 91' lang='lat' dir='ltr'><strong>re</strong></span> <span class='ocrx_word' id='word_1_258' title='bbox 874 3902 905 3966; x_wconf 88' lang='lat' dir='ltr'><strong>ei</strong></span> <span class='ocrx_word' id='word_1_259' title='bbox 938 3902 1069 3984; x_wconf 90' lang='lat' dir='ltr'><strong>optime</strong></span> <span class='ocrx_word' id='word_1_260' title='bbox 1101 3904 1242 3967; x_wconf 89' lang='lat' dir='ltr'><strong>oeeasio</strong></span> <span class='ocrx_word' id='word_1_261' title='bbox 1280 3905 1401 3969; x_wconf 89' lang='lat' dir='ltr'><strong>oblata</strong></span> <span class='ocrx_word' id='word_1_262' title='bbox 1439 3908 1517 3969; x_wconf 90' lang='lat' dir='ltr'><strong>erat</strong></span> 
     </span>
     <span class='ocr_line' id='line_1_32' title="bbox 373 4006 1516 4092; baseline 0.003 -23"><span class='ocrx_word' id='word_1_263' title='bbox 373 4006 570 4071; x_wconf 87' lang='lat' dir='ltr'><strong>orationem</strong></span> <span class='ocrx_word' id='word_1_264' title='bbox 589 4006 738 4071; x_wconf 89' lang='lat' dir='ltr'><strong>oratoris</strong></span> <span class='ocrx_word' id='word_1_265' title='bbox 761 4025 858 4071; x_wconf 91' lang='lat' dir='ltr'><strong>more</strong></span> <span class='ocrx_word' id='word_1_266' title='bbox 874 4007 1086 4089; x_wconf 86' lang='lat' dir='ltr'><strong>exornandi;</strong></span> <span class='ocrx_word' id='word_1_267' title='bbox 1109 4008 1200 4072; x_wconf 87' lang='lat' dir='ltr'><strong>haee</strong></span> <span class='ocrx_word' id='word_1_268' title='bbox 1223 4008 1315 4073; x_wconf 89' lang='lat' dir='ltr'><strong>enirn</strong></span> <span class='ocrx_word' id='word_1_269' title='bbox 1337 4009 1415 4092; x_wconf 89' lang='lat' dir='ltr'><strong>ipsa</strong></span> <span class='ocrx_word' id='word_1_270' title='bbox 1432 4026 1516 4091; x_wconf 89' lang='lat' dir='ltr'><strong>pars</strong></span> 
     </span>
    </p>
   </div>
   <div class='ocr_carea' id='block_1_3' title="bbox 373 4250 1517 4411">
    <p class='ocr_par' dir='ltr' id='par_1_4' title="bbox 373 4250 1517 4411">
     <span class='ocr_line' id='line_1_33' title="bbox 480 4250 1517 4322; baseline 0.006 -17"><span class='ocrx_word' id='word_1_271' title='bbox 480 4252 500 4319; x_wconf 82' lang='grc' dir='ltr'><strong>Ι)</strong></span> <span class='ocrx_word' id='word_1_272' title='bbox 519 4250 685 4321; x_wconf 86' lang='lat' dir='ltr'><strong>Einleitung</strong></span> <span class='ocrx_word' id='word_1_273' title='bbox 707 4268 742 4305; x_wconf 91' lang='lat' dir='ltr'><strong>zu</strong></span> <span class='ocrx_word' id='word_1_274' title='bbox 767 4251 820 4305; x_wconf 88' lang='lat' dir='ltr'><strong>des</strong></span> <span class='ocrx_word' id='word_1_275' title='bbox 845 4250 879 4306; x_wconf 90' lang='lat' dir='ltr'><strong>G.</strong></span> <span class='ocrx_word' id='word_1_276' title='bbox 898 4251 922 4322; x_wconf 89' lang='lat' dir='ltr'><strong>J.</strong></span> <span class='ocrx_word' id='word_1_277' title='bbox 943 4252 1053 4308; x_wconf 74' lang='lat' dir='ltr'><strong>Casars</strong></span> <span class='ocrx_word' id='word_1_278' title='bbox 1077 4254 1329 4309; x_wconf 88' lang='lat' dir='ltr'><strong>Commentarium</strong></span> <span class='ocrx_word' id='word_1_279' title='bbox 1358 4254 1431 4310; x_wconf 81' lang='lat' dir='ltr'><strong>tiber</strong></span> <span class='ocrx_word' id='word_1_280' title='bbox 1459 4256 1517 4311; x_wconf 90' lang='lat' dir='ltr'><strong>den</strong></span> 
     </span>
     <span class='ocr_line' id='line_1_34' title="bbox 373 4337 1028 4411; baseline 0.006 -19"><span class='ocrx_word' id='word_1_281' title='bbox 373 4337 533 4408; x_wconf 84' lang='lat' dir='ltr'><strong>gallischen</strong></span> <span class='ocrx_word' id='word_1_282' title='bbox 554 4337 653 4409; x_wconf 86' lang='lat' dir='ltr'><strong>Krieg,</strong></span> <span class='ocrx_word' id='word_1_283' title='bbox 673 4338 768 4393; x_wconf 85' lang='lat' dir='ltr'><strong>Gotha</strong></span> <span class='ocrx_word' id='word_1_284' title='bbox 789 4340 872 4410; x_wconf 83' lang='lat'>1857;</span> <span class='ocrx_word' id='word_1_285' title='bbox 892 4356 919 4410; x_wconf 90' lang='lat' dir='ltr'><strong>p.</strong></span> <span class='ocrx_word' id='word_1_286' title='bbox 938 4358 981 4411; x_wconf 87' lang='lat'><strong>55.</strong></span> <span class='ocrx_word' id='word_1_287' title='bbox 1000 4360 1028 4396; x_wconf 92' lang='lat' dir='ltr'><strong>n.</strong></span> 
     </span>
    </p>
   </div>
   <div class='ocr_carea' id='block_1_4' title="bbox 374 4444 1508 4605">
    <p class='ocr_par' dir='ltr' id='par_1_5' title="bbox 374 4444 1508 4605">
     <span class='ocr_line' id='line_1_35' title="bbox 477 4444 1508 4519; baseline 0.005 -22"><span class='ocrx_word' id='word_1_288' title='bbox 477 4445 498 4509; x_wconf 83' lang='lat'><strong>²)</strong></span> <span class='ocrx_word' id='word_1_289' title='bbox 517 4444 561 4499; x_wconf 90' lang='lat' dir='ltr'><strong>De</strong></span> <span class='ocrx_word' id='word_1_290' title='bbox 579 4444 767 4515; x_wconf 67' lang='lat' dir='ltr'><strong>contionibus</strong></span> <span class='ocrx_word' id='word_1_291' title='bbox 798 4463 870 4515; x_wconf 89' lang='lat' dir='ltr'><strong>quas</strong></span> <span class='ocrx_word' id='word_1_292' title='bbox 889 4446 1008 4501; x_wconf 84' lang='lat' dir='ltr'><strong>Cassius</strong></span> <span class='ocrx_word' id='word_1_293' title='bbox 1032 4446 1087 4500; x_wconf 88' lang='lat' dir='ltr'><strong>Dio</strong></span> <span class='ocrx_word' id='word_1_294' title='bbox 1115 4445 1253 4501; x_wconf 84' lang='lat' dir='ltr'><strong>historiae</strong></span> <span class='ocrx_word' id='word_1_295' title='bbox 1280 4464 1352 4502; x_wconf 87' lang='lat' dir='ltr'><strong>suae</strong></span> <span class='ocrx_word' id='word_1_296' title='bbox 1376 4447 1508 4519; x_wconf 87' lang='lat' dir='ltr'><strong>intexuit,</strong></span> 
     </span>
     <span class='ocr_line' id='line_1_36' title="bbox 374 4532 1189 4605; baseline 0.005 -20"><span class='ocrx_word' id='word_1_297' title='bbox 374 4548 441 4587; x_wconf 88' lang='lat' dir='ltr'><strong>cum</strong></span> <span class='ocrx_word' id='word_1_298' title='bbox 459 4532 659 4604; x_wconf 89' lang='lat' dir='ltr'><strong>Thucydideis</strong></span> <span class='ocrx_word' id='word_1_299' title='bbox 677 4534 867 4605; x_wconf 71' lang='lat' dir='ltr'><strong>comparatis,</strong></span> <span class='ocrx_word' id='word_1_300' title='bbox 886 4534 954 4589; x_wconf 76' lang='lat' dir='ltr'><strong>diss</strong></span> <span class='ocrx_word' id='word_1_301' title='bbox 974 4534 1092 4604; x_wconf 89' lang='lat' dir='ltr'><strong>Lipsiae</strong></span> <span class='ocrx_word' id='word_1_302' title='bbox 1113 4535 1189 4605; x_wconf 83' lang='lat'>1884.</span> 
     </span>
    </p>
   </div>
   <div class='ocr_carea' id='block_1_5' title="bbox 0 0 1901 5250">
    <p class='ocr_par' dir='ltr' id='par_1_6' title="bbox 0 0 1901 5250">
     <span class='ocr_line' id='line_1_37' title="bbox 0 0 1901 5250; baseline 0 0"><span class='ocrx_word' id='word_1_303' title='bbox 0 0 1901 5250; x_wconf 95' lang='lat' dir='ltr'><strong> </strong></span> 
     </span>
    </p>
   </div>
  </div>
 </body>
</html>
