3792 5250
921 601 967 669 40

373 810 550 894 significat
582 810 789 895 ,peditatum
821 831 893 876 una
927 830 1007 876 cum
1036 812 1205 895 equitatu‘
1236 814 1284 894 (in
1312 815 1517 881 universum

372 934 480 998 supra
518 915 659 981 dixerat
697 912 771 991 τούς
810 915 926 1000 πεζοὺς
969 936 1115 982 1111111616
1159 921 1412 985 consuetudine
1454 940 1519 985 sua

375 1022 562 1103 neglecto),
597 1020 681 1103 quia
704 1027 812 1085 antea
844 1021 980 1104 equites
1011 1023 1075 1086 soli
1105 1041 1181 1087 rem
1213 1029 1408 1105 gesserunt.
1463 1026 1520 1090 Sc-

373 1127 491 1209 quitur
514 1125 581 1190 Dio
604 1125 674 1190 hac
697 1126 732 1189 in
755 1143 795 1190 re
818 1127 1101 1209 commentarios,
1133 1127 1193 1192 ubi
1221 1128 1279 1208 ,hi‘
1311 1125 1372 1213 (II.
1403 1129 1454 1209 11,
1481 1130 1518 1215 4)

374 1238 409 1296 61
440 1232 616 1314 equitatus
640 1234 675 1296 61
697 1230 855 1313 legiones
878 1230 979 1317 (illae
1009 1237 1082 1297 tres
1109 1233 1267 1319 quidem)
1299 1233 1519 1317 intelligendi

373 1340 463 1401 sunt.
500 1375 538 1385 -
574 1334 661 1401 Oum
697 1336 860 1401 socordia
891 1337 1046 1420 quadam
1078 1336 1146 1400 Dio
1179 1337 1338 1420 scripsit:
1377 1336 1450 1414 τούς
1481 1365 1518 1402 τε

372 1440 502 1517 πλείους
534 1449 692 1525 κατέκοψε
714 1441 769 1505 καὶ
790 1438 864 1516 τούς
892 1441 1097 1526 περιλοίπους
1123 1439 1273 1529 ὁμολογίᾳ
1289 1441 1519 1533 παρεστήσατο

374 1545 422 1631 (2,
441 1546 489 1631 2),
513 1564 605 1629 quae
628 1544 742 1610 verba
764 1545 936 1611 formulae
959 1564 1074 1629 paene
1097 1546 1213 1609 locum
1237 1547 1396 1611 obtinent
1414 1567 1518 1630 quae-

374 1670 442 1736 que
465 1651 578 1733 magis
601 1650 763 1715 minusve
785 1654 884 1715 recte
903 1652 947 1716 de
971 1651 1126 1716 cuiusvis
1144 1669 1285 1734 pugnae
1311 1652 1408 1717 exitu
1425 1653 1520 1718 tradi

374 1760 530 1840 possunt.

479 1861 609 1926 Parum
632 1860 822 1944 perspicua
845 1861 1092 1944 periocharum
1106 1879 1244 1944 quoque
1266 1862 1425 1927 narratio
1449 1867 1519 1930 est:

376 1966 520 2050 ,Caesar
542 2015 679 2035 .....
706 1966 840 2049 proelio
878 1966 992 2031 victos
1033 1967 1068 2030 in
1110 1966 1324 2032 deditionem
1367 1968 1521 2052 accepit‘

374 2070 479 2157 (CIV.
510 2090 545 2154 p.
568 2069 620 2151 91,
653 2068 713 2156 27)
747 2088 811 2153 pro
842 2074 917 2134 tota
955 2070 1037 2134 libri
1067 2074 1206 2135 natura.
1260 2070 1314 2135 Ex
1349 2070 1522 2136 eiusmodi

374 2176 491 2256 rebus,
516 2176 551 2239 id
575 2175 668 2257 quod
682 2174 865 2240 Schwartz
889 2175 974 2239 fecit
997 2172 1046 2258 (p.
1059 2173 1170 2260 1700),
1191 2175 1279 2239 nihil
1301 2175 1380 2258 cogi
1402 2180 1523 2259 potest

373 2281 419 2344 ad
441 2297 517 2345 rem
540 2278 778 2343 iudicandam.

477 2401 506 2448 c.
531 2382 560 2448 3.
606 2382 674 2446 Dio
698 2382 791 2465 quod
814 2383 850 2446 in
880 2382 1143 2447 commentariis
1167 2401 1208 2448 eo
1237 2382 1312 2466 ipso
1335 2386 1413 2449 loco
1437 2402 1524 2450 cau-

373 2508 460 2570 sam,
498 2506 562 2552 eur
590 2487 714 2553 Nervii
744 2487 780 2551 in
812 2487 921 2552 silvas
954 2506 992 2552 se
1023 2489 1235 2571 receperint,
1267 2507 1338 2553 non
1370 2489 1523 2572 invenit,

372 2594 448 2679 ipse
475 2611 555 2658 curn
579 2591 733 2658 Caesare
761 2592 901 2657 omnino
930 2609 1130 2675 congruens
1159 2592 1215 2675 (II.
1240 2591 1291 2675 17,
1315 2593 1348 2675 4)
1382 2593 1426 2659 de
1455 2613 1522 2660 suo

372 2699 486 2765 addit:
510 2694 548 2762 οὗ
568 2694 627 2781 γοὶρ
644 2684 728 2787 ἦσαν
745 2694 913 2780 ἀξιόμαχοι
932 2695 979 2781 (3,
999 2699 1046 2783 1).
1091 2697 1191 2763 Haeo
1210 2698 1243 2763 ei
1260 2697 1523 2765 verisimillima

372 2805 524 2887 videtur,
557 2802 736 2884 1116116111,
768 2820 848 2867 cum
876 2821 934 2868 res
957 2807 1083 2867 contra
1105 2822 1144 2868 se
1172 2803 1306 2868 habent
1337 2808 1372 2869 et
1399 2803 1524 2869 hostes

372 2927 533 2996 pugnare
554 2927 626 2973 non
655 2907 826 2990 dubitant,
861 2907 973 2976 addit:
1006 2910 1278 2993 καταφρονοῦντες
1305 2910 1364 2991 (61.
1386 2913 1520 2994 supra).

373 3013 506 3098 Quodsi
528 3012 549 3078 J
552 3013 728 3097 elgersma
752 3012 837 3076 dicit
861 3011 911 3097 (p.
926 3012 986 3098 31)
1008 3013 1071 3078 illa
1089 3014 1212 3079 Dionis
1236 3015 1416 3079 contraria
1440 3033 1519 3082 esse

373 3121 434 3202 eiS,
457 3139 549 3205 quae
568 3119 663 3203 apud
677 3118 868 3184 Caesarem
885 3120 1060 3202 legantur,
1084 3120 1178 3184 infra
1200 3124 1318 3186 autem
1338 3121 1529 3212 existimat·

372 3245 412 3292 re
444 3244 532 3291 vera
564 3226 693 3307 Belgas
725 3229 916 3308 propterea
943 3244 982 3289 se
1012 3225 1200 3308 recepisse,
1234 3226 1327 3308 quod
1359 3225 1518 3309 equitatu

372 3331 459 3396 nihil
483 3334 637 3414 possent,
663 3329 732 3393 hoc
754 3328 840 3392 mihi
867 3329 1009 3412 quidem
1031 3329 1172 3394 videtur
1194 3331 1288 3395 idem
1311 3349 1388 3396 esse
1411 3335 1519 3415 atque

373 3436 418 3519 id,
443 3437 534 3518 quod
558 3435 624 3499 Dio
648 3434 767 3498 tradit.
800 3470 841 3481 -
873 3433 940 3498 Dio
964 3452 1043 3498 cum
1067 3434 1103 3498 111
1131 3436 1390 3501 commentariis
1420 3437 1518 3519 legat

373 3540 563 3606 Caesarem
586 3556 608 3602 a
631 3538 770 3603 decima
793 3538 931 3620 legione
955 3539 1001 3602 ad
1025 3540 1188 3604 dextrum
1208 3558 1317 3604 cornu
1341 3558 1418 3605 esse
1440 3559 1518 3624 pro

372 3647 513 3726 fectum,
548 3644 608 3709 ubi
639 3662 720 3708 suos
751 3643 870 3726 urgeri
903 3644 1042 3709 videret
1075 3642 1212 3729 (11.21),
1238 3644 1284 3731 1),
1320 3650 1427 3711 etex
1456 3646 1517 3728 eis,

373 3768 464 3833 quae
478 3748 702 3818 antecedunt
725 3746 786 3833 (ΙΙ.
811 3747 880 3834 23),
912 3749 1003 3813 sciat
1024 3750 1153 3814 milites
1181 3750 1341 3815 decimae
1369 3751 1518 3833 legionis

372 3856 491 3920 hostes
513 3854 653 3936 fudisse,
678 3854 874 3919 coniunctis
893 3855 947 3918 his
970 3854 1076 3918 rebus
1093 3859 1128 3920 et
1143 3856 1322 3920 existimat
1340 3863 1375 3920 et
1391 3861 1518 3922 narrat

372 3960 548 4024 Romanos
585 3959 633 4023 ibi
670 3958 869 4042 superiores
906 3958 1115 4040 decessisse,
1154 3960 1214 4023 ubi
1246 3959 1379 4025 Caesar
1414 3966 1518 4026 esset.

374 4065 438 4131 Cui
457 4064 570 4129 simile
585 4065 644 4129 vel
659 4065 774 4149 potius
791 4082 1010 4148 consequens
1030 4068 1093 4146 est,
1118 4065 1210 4147 quod
1233 4083 1287 4145 ea,
1310 4083 1402 4148 quae
1422 4062 1519 4149 apud

373 4171 564 4237 Caesarem
587 4170 720 4254 scripta
743 4173 824 4234 sunt
843 4169 899 4251 (II.
912 4168 965 4251 23,
982 4167 1015 4250 2)
1034 4168 1162 4233 milites
1186 4169 1345 4234 decimae
1368 4170 1519 4251 legionis

372 4275 487 4341 victos
510 4275 715 4358 persecutos
743 4274 895 4339 transire
927 4275 1056 4338 flumen
1085 4292 1154 4337 non
1179 4272 1397 4339 dubitavisse
1422 4279 1458 4339 et
1480 4276 1519 4341 in

373 4384 489 4446 locum
512 4381 668 4463 iniquum
687 4398 891 4464 progressos
912 4398 990 4443 esse
1009 4377 1099 4460 (Dioz
1120 4375 1375 4467 προεκεχωρήκει)
1392 4379 1519 4443 eadem

374 4487 417 4552 de
437 4486 591 4568 Caesare
614 4487 689 4569 ipso
712 4485 831 4551 tradit.
847 4484 977 4550 -Non
1001 4483 1051 4548 ita
1073 4483 1162 4547 falso
1178 4483 1327 4549 Dionem
1350 4501 1520 4550 narrasse
1581 4519 1584 4525 ·
