3792 5250
843 621 1049 745 ,11-

376 814 486 940 paret
502 854 661 921 additum
686 873 762 921 esse
786 873 808 921 a
826 856 940 922 Dione
957 857 1034 941 ipso
1057 855 1219 936 mirante,
1242 853 1335 936 quod
1352 851 1518 935 Helvetii,

375 963 414 1025 ut
441 961 574 1033 malum
597 960 755 1026 emedio
786 961 962 1042 tollerent,
996 961 1042 1042 id,
1075 960 1167 1043 quod
1195 959 1284 1022 alias
1315 957 1391 1022 fieri
1419 957 1519 1039 solet,

375 1066 533 1131 colonias
554 1084 624 1130 non
647 1066 826 1148 miserunt,
849 1068 912 1132 sed
935 1085 1056 1132 omues
1078 1065 1228 1150 profecti
1251 1067 1343 1129 sunt.
1384 1063 1432 1127 Ut
1450 1063 1520 1127 hac

376 1171 412 1235 in
434 1190 474 1236 re
496 1170 583 1234 nihil
607 1170 768 1236 dissentit
790 1190 813 1235 a
831 1171 986 1237 Caesare
1010 1170 1151 1236 dicente
1174 1169 1419 1234 universum
1436 1166 1519 1232 Hel-

376 1276 552 1341 vetiorum
574 1276 743 1359 populum
766 1277 856 1341 alias
871 1280 1004 1359 ,gentes
1026 1293 1251 1359 nequaquam
1273 1274 1441 1355 timuisse,
1469 1273 1521 1337 ita

378 1400 424 1446 ex
454 1381 524 1445 illis
553 1380 677 1445 Dionis
708 1382 829 1446 verbis
869 1382 949 1464 cogi
976 1385 1093 1465 potest
1124 1379 1307 1446 Helvetios
1340 1396 1520 1461 nunquam

377 1505 448 1550 non
470 1490 616 1569 paratos
630 1486 748 1566 fuisse,
772 1487 880 1551 armis
899 1487 1148 1551 auctoritatem
1166 1503 1266 1550 suam
1285 1485 1521 1568 interponere,

377 1592 413 1657 id
438 1592 530 1675 quod
553 1609 618 1655 usu
641 1591 909 1676 comprobatum
933 1596 997 1659 est.

482 1695 550 1760 Dio
572 1702 759 1779 postquam
786 1696 895 1761 nimia
921 1696 1100 1760 hominum
1129 1694 1328 1778 frequentia
1350 1694 1523 1759 adductos

378 1800 563 1865 Helvetios
586 1819 605 1865 e
623 1799 750 1865 finibus
769 1801 840 1866 suis
858 1819 1020 1883 egressos
1038 1819 1116 1864 esse
1133 1799 1306 1881 narravit,
1330 1799 1434 1880 idem,
1453 1818 1521 1883 quo

379 1910 433 1971 est
455 1923 583 1970 causas
615 1907 787 1971 afferendi
817 1907 942 1988 studio,
975 1906 1018 1990 de
1048 1905 1177 1970 ceteris
1199 1923 1337 1987 quoque
1359 1904 1523 1987 gentibus

379 2029 546 2076 unacum
564 2011 634 2075 illis
646 2011 816 2095 profectis
832 2012 918 2077 dicit
934 2011 999 2092 (38,
1013 2009 1064 2092 31,
1080 2009 1126 2089 3)ss
1142 2011 1206 2074 τῶν
1223 2006 1331 2076 αὐτῶν
1345 2011 1522 2093 δεομένους.

483 2114 607 2179 Dionis
629 2117 743 2181 verba
769 2116 838 2201 (38,
862 2117 913 2198 31,
937 2116 989 2202 3);
1021 2117 1075 2180 καὶ
1096 2139 1185 2190 τινας
1206 2116 1258 2179 καὶ
1278 2113 1403 2197 ἑτέρους
1425 2134 1524 2198 προσ·

379 2215 530 2302 λαβόντες
552 2220 705 2302 minime,
728 2225 767 2285 ut
784 2222 965 2287 Micalella
987 2221 1153 2304 opinatur
1167 2219 1217 2305 (p.
1230 2219 1300 2306 14),
1323 2224 1525 2303 repugnant

382 2343 461 2388 eum
496 2326 768 2391 commentariis.
826 2327 917 2391 Nam
948 2345 1040 2391 voce
1069 2324 1271 2408 προςλαβεΐν,
1304 2343 1396 2407 quae
1418 2323 1523 2388 latius

381 2433 480 2513 patet
528 2432 721 2496 seeundum
768 2429 987 2497 Graecorum
1029 2430 1196 2514 loquendi
1236 2428 1525 2495 consuetudinem

382 2530 444 2617 (of.
469 2536 563 2618 apud
597 2554 660 2600 nos
696 2535 808 2620 ,mit‘)‚
843 2537 1044 2601 continetur
1066 2537 1173 2601 etiam
1197 2534 1326 2618 agendi
1350 2535 1525 2618 quaedam

382 2639 437 2703 vis
460 2640 565 2724 (actio
588 2641 823 2724 proficiscitur
846 2642 891 2705 ab
916 2642 1111 2723 Helvetiis),
1140 2642 1176 2707 id
1199 2646 1253 2706 est
1275 2641 1343 2706 hoe
1365 2642 1443 2705 loeo
1466 2640 1526 2704 ad-

383 2745 527 2810 hibendi
549 2746 610 2811 vel
633 2746 740 2811 etiam
762 2741 1013 2830 persuadendi
1037 2748 1113 2811 Etsi
1133 2747 1260 2811 harum
1282 2764 1420 2829 quoque
1443 2762 1526 2827 gen-

383 2850 470 2915 tium
492 2850 711 2933 migrationis
734 2851 839 2915 insita
867 2870 977 2916 causa
1004 2852 1110 2917 fuisse
1132 2856 1249 2935 potest
1270 2850 1373 2914 nimis
1395 2867 1528 2932 magna

384 2955 497 3037 eopia,
531 2960 651 3021 tamen
680 2974 790 3022 causa
819 2956 1040 3022 extrinsecus
1068 2956 1322 3041 superveniens
1351 2960 1428 3022 erat
1451 2954 1526 3020 sine

385 3060 490 3124 dubio
520 3061 692 3143 protentio
726 3061 979 3144 Helvetiorum,
1014 3062 1073 3144 qui
1101 3063 1130 3126 si
1166 3062 1234 3126 iter
1263 3080 1333 3126 non
1361 3060 1528 3125 fecissent

385 3184 510 3248 neque,
544 3167 674 3249 quippe
706 3167 766 3250 qui
797 3171 915 3232 essent
946 3167 1059 3231 maior
1086 3185 1178 3249 pars,
1211 3166 1291 3230 illas
1313 3169 1437 3248 gentes
1469 3165 1528 3229 ad-

385 3270 589 3350 hibuissent,
622 3289 667 3336 ne
700 3271 768 3336 hae
802 3272 943 3354 quidem
966 3273 1149 3353 profectae
1177 3275 1304 3335 essent.
1350 3270 1395 3333 Et
1416 3269 1527 3334 verbo

387 3374 622 3457 προσλαβόντες
665 3376 732 3440 Dio
787 3375 951 3441 Caesaris
994 3376 1125 3443 verba:
1193 3374 1268 3455 ,sibi
1315 3372 1528 3437 adsciscunt‘

386 3478 430 3563 (Ι,
454 3480 484 3560 5,
505 3478 542 3564 4)
567 3481 752 3545 transtulit.
797 3481 899 3563 Quod
922 3481 1017 3564 apud
1039 3479 1229 3545 Caesarem
1252 3479 1288 3542 id
1310 3478 1464 3560 pertinet
1482 3477 1528 3541 ad

387 3585 479 3649 solos
502 3584 614 3664 Boios
639 3585 715 3667 Dio,
737 3586 773 3650 id
796 3587 888 3669 quod
912 3585 1081 3650 brevitati
1104 3584 1264 3649 serviens
1286 3583 1407 3648 facere
1430 3580 1529 3663 solet,

388 3707 509 3753 omnes
524 3695 658 3773 gentes,
676 3691 746 3754 hac
759 3691 795 3755 in
811 3695 913 3775 parte
928 3690 1109 3769 Rauricos,
1134 3688 1311 3769 Tulingos,
1329 3685 1529 3766 LatovicoS,

386 3794 449 3859 illa
471 3795 574 3859 Boios
607 3796 644 3859 in
678 3814 784 3860 unum
808 3796 924 3878 coegit
958 3795 1055 3860 nullo
1089 3793 1290 3858 discrimine
1322 3795 1465 3856 servato
1495 3794 1530 3854 et

389 3899 500 3964 verbo
530 3901 738 3984 προσλαβεῖν,
770 3901 863 3984 quod
894 3901 1000 3965 latius
1035 3903 1144 3983 patet,
1177 3915 1259 3961 usus
1291 3900 1354 3961 est.
1407 3895 1530 3977 Neque

388 4006 496 4088 igitur
527 4012 588 4088 est,
622 4005 714 4089 qdod
738 4006 912 4071 Vulioium
944 4022 1134 4089 sequamur
1165 4004 1342 4068 dicentem
1376 3999 1426 4084 (p.
1450 3998 1530 4084 221)

389 4111 539 4175 Dionem
563 4108 726 4176 Caesaris
753 4112 903 4176 verbum
936 4111 1161 4191 ,adsciscunt‘
1193 4106 1303 4192 (quod
1331 4106 1444 4190 ipsum
1467 4122 1532 4188 per

390 4234 428 4280 se
451 4216 487 4279 in
510 4216 598 4280 duas
624 4220 744 4299 partes
773 4217 897 4280 valere
926 4220 1024 4280 recte
1052 4213 1171 4298 docet)
1207 4210 1423 4276 contrarium
1455 4227 1532 4273 esse

390 4321 501 4384 verbo
532 4321 768 4405 ,persuadent‘
801 4321 1023 4384 existimasse
1056 4326 1091 4384 et
1118 4336 1171 4399 ea,
1204 4334 1295 4399 quae
1328 4314 1461 4380 Caesar
1488 4314 1532 4377 de

390 4426 552 4491 Rauricis
585 4427 690 4509 dicat,
722 4426 829 4509 plane
861 4425 1070 4507 neglexisse.
1115 4424 1205 4488 Nam
1233 4430 1402 4505 perverse
1430 4418 1532 4484 Vulio

392 4535 644 4617 interpretatus
667 4537 720 4598 est
743 4532 866 4597 Dionis
898 4530 1011 4597 verba
1037 4532 1101 4597 τῶν
1122 4526 1229 4595 αὐτῶν
1251 4529 1428 4612 δεομένους,
1452 4543 1533 4589 cum
