3792 5250
921 631 965 700 60

838 724 1046 733 ..ῳ-..-

373 859 501 906 causas
533 843 723 910 confertur.
770 841 855 908 Cum
880 848 999 908 autem
1034 863 1103 909 non
1135 844 1247 927 possit
1276 862 1347 908 nou
1379 845 1515 928 opinari

372 948 557 1013 interdiu
581 938 770 1015 Caesarem
794 967 851 1014 res
873 950 1023 1031 gessisse
1048 949 1156 1034 (inde,
1180 950 1273 1032 quod
1296 951 1376 1015 luce
1399 951 1513 1034 prima

372 1057 492 1117 castra
515 1055 627 1117 movit
655 1054 708 1136 (V.
731 1054 785 1135 49,
810 1055 842 1134 b)
870 1059 977 1119 noctu
1007 1074 1086 1119 eum
1113 1056 1314 1120 consedisse
1338 1057 1514 1141 apparet),

372 1177 462 1238 eum,
486 1164 523 1223 ut
546 1177 666 1223 rursus
689 1160 887 1225 consentiat
910 1179 990 1225 cum
1014 1161 1286 1243 commentariis,
1308 1161 1371 1225 illa
1394 1163 1515 1227 ultima

372 1268 476 1329 nocte
500 1264 626 1328 castris
650 1283 688 1329 se
711 1268 892 1331 tenentem
914 1265 1011 1330 facit.
1031 1264 1253 1331 -Caesaris
1275 1266 1513 1332 narrationem

372 1370 557 1435 referentis
575 1374 696 1434 castra
718 1388 766 1451 se,
790 1374 829 1434 ut
851 1372 897 1435 ab
911 1370 1070 1435 hostibus
1093 1374 1387 1453 contemneretur,
1412 1392 1512 1455 quam

372 1475 526 1540 maxime
550 1475 780 1555 contraxisse,
804 1475 871 1539 Dio
895 1475 1035 1558 planius
1057 1475 1213 1557 exponit.

477 1599 507 1647 c.
534 1580 585 1647 1¹1.
632 1580 832 1646 Secundum
848 1581 998 1646 Dionem
1017 1580 1166 1645 Treveri
1188 1581 1268 1646 ideo
1286 1581 1420 1647 bellum
1439 1602 1513 1648 con-

372 1689 429 1748 tra
451 1683 627 1747 Romanos
651 1688 893 1767 susceperunt,
916 1685 1009 1766 quod
1027 1687 1254 1768 verebantur,
1275 1704 1321 1751 ne
1343 1686 1380 1750 in
1404 1687 1512 1771 singu·

373 1790 425 1852 los
456 1788 663 1853 defectionis
695 1793 859 1854 auctores
890 1789 1072 1873 suppliciis
1100 1807 1123 1853 a
1151 1788 1304 1855 Caesare
1332 1792 1513 1856 statutisa

374 1913 412 1958 se
435 1911 573 1975 quoque
595 1911 710 1976 poena
738 1894 951 1976 exigeretur.
996 1894 1073 1958 Hoc
1096 1894 1173 1976 Dio,
1206 1912 1287 1958 cum
1318 1897 1455 1960 nullam
1482 1896 1513 1960 in

373 1998 636 2063 commentariis
666 2016 812 2063 causam
839 1999 1044 2080 invenisset,
1078 1999 1214 2064 addidit
1250 2000 1470 2084 sumpsitque
1496 2020 1513 2066 e

373 2103 507 2167 verbis:
532 2103 760 2186 ,principibus
778 2104 947 2186 cuiusque
967 2104 1125 2169 civitatis
1147 2104 1193 2168 ad
1216 2123 1254 2170 se
1272 2106 1412 2170 voeatis
1431 2107 1514 2170 alios

373 2207 569 2273 territando
602 2207 691 2272 alios
723 2208 957 2273 adhortando‘
989 2229 1019 2276 e.
1047 2227 1078 2273 c.
1111 2209 1169 2294 (V.
1198 2207 1250 2291 54,
1282 2208 1319 2295 1)
1355 2214 1392 2275 et
1426 2229 1513 2291 ,cum

375 2312 533 2395 (Caesar)
553 2331 691 2378 omnem
710 2314 756 2377 ad
775 2333 813 2378 se
832 2319 993 2379 senatum
1012 2314 1136 2380 venire
1154 2314 1322 2379 iussisset‘
1338 2315 1391 2397 (V.
1406 2316 1459 2397 54,
1475 2315 1514 2396 3).

373 2457 414 2464 —
439 2418 572 2483 Eadem
595 2436 705 2483 causa
734 2423 872 2484 ceteras
901 2438 1039 2501 quoque
1066 2424 1190 2501 gentes
1217 2424 1412 2485 commotas
1442 2440 1516 2487 esse

375 2524 662 2588 consuetudinem
687 2543 786 2588 suam
809 2530 951 2590 secutus
974 2525 1093 2589 tradit.

478 2631 660 2712 Quomodo
682 2631 749 2695 hoc
772 2632 850 2696 loco
874 2632 940 2695 Dio
965 2635 1137 2713 congruat
1161 2650 1241 2695 curn
1269 2632 1434 2714 perochis
1458 2620 1524 2697 adss

375 2754 499 2800 vorsus
530 2736 801 2800 commentarios
839 2737 900 2819 (cf.
934 2736 1116 2801 Schwartz
1148 2754 1181 2818 p.
1215 2735 1317 2822 1700)
1355 2737 1517 2819 equidem

339 2896 341 2901 ,
375 2859 444 2905 non
468 2841 646 2923 intellego.

479 2964 509 3010 c.
534 2946 586 3011 31.
632 2944 757 3026 Causa,
777 2963 840 3009 cur
858 2945 922 3009 Dio
939 2945 1044 3010 aliter
1062 2951 1168 3028 atque
1188 2943 1320 3010 Caesar
1338 2947 1519 3012 seditionis

376 3055 557 3115 auctorem
580 3050 862 3133 Ambiorigem
890 3049 1056 3133 appellet,
1091 3050 1182 3114 haec
1211 3054 1274 3131 est,
1309 3051 1401 3132 quod
1425 3052 1519 3117 etin

375 3156 480 3219 rebus
511 3158 618 3219 antea
646 3154 755 3237 gestis
782 3156 938 3220 velutin
962 3153 1086 3219 Cottae
1110 3154 1300 3237 Sabinique
1329 3156 1434 3221 clade
1463 3158 1521 3222 de·

376 3262 509 3343 scrIpta
533 3264 568 3325 ct
595 3265 718 3344 postea
746 3261 848 3324 huius
876 3260 1069 3324 maximam
1097 3279 1174 3325 esse
1197 3261 1447 3326 auctoritatem
1470 3264 1521 3327 vi·

376 3366 436 3431 dit.
460 3403 501 3412 —
525 3366 578 3429 Ex
602 3364 765 3430 Caesaris
788 3365 922 3430 verbis:
952 3364 1150 3445 ,interfecto
1173 3365 1425 3430 Indutiomaro‘
1448 3368 1520 3449 (VI.

376 3472 406 3552 2,
423 3474 455 3551 1)
474 3472 579 3536 sumit
594 3471 670 3553 Dio,
690 3490 757 3554 quo
774 3470 1010 3536 Treverorum
1029 3470 1210 3535 seditionis
1229 3489 1374 3535 causam
1393 3473 1521 3555 fingat:

376 3577 521 3659 χαλεπῶς
547 3572 593 3641 ἔτι
620 3578 672 3641 καὶ
702 3574 775 3642 tries
798 3579 843 3659 τῷ
869 3578 928 3640 τοῦ
949 3572 1206 3658 Ἰνδουτιομάρου
1228 3572 1365 3659 θανάτῳ
1391 3579 1524 3658 ἔχοντας

377 3683 441 3764 (31,
465 3683 508 3763 2).
555 3682 633 3763 Qua
660 3682 738 3764 ipsa
766 3681 888 3746 mortis
912 3681 1143 3745 Indutiomari
1169 3681 1347 3746 mentione
1370 3681 1522 3748 Dionem

377 3788 535 3851 hausisse
563 3805 582 3851 e
612 3786 874 3851 commentariis
908 3786 987 3849 veri
1018 3785 1131 3849 simile
1163 3786 1211 3865 fit,
1244 3804 1324 3865 non,
1358 3786 1394 3849 id
1428 3788 1523 3869 quod

376 3893 575 3973 Jelgersma
604 3896 725 3955 censet
757 3891 806 3973 (p.
839 3889 907 3975 57),
940 3890 1141 3969 dilucidum,
1176 3908 1255 3953 cum
1286 3888 1393 3954 etiam
1429 3892 1524 3957 alter

378 3998 520 4079 quidam
544 4003 669 4060 auctor
691 3997 857 4060 hocloco
881 3994 989 4059 facile
1006 4000 1156 4059 mortem
1174 3994 1405 4058 Indutiomari
1429 4013 1523 4061 com-

377 4119 573 4166 memorare
601 4101 720 4184 possit.
766 4102 890 4164 Altera
917 4100 953 4163 in
983 4103 1085 4181 parte
1108 4099 1166 4162 hic
1193 4100 1291 4162 locus
1318 4103 1422 4182 aptus
1450 4120 1524 4166 non

378 4210 440 4286 est,
474 4224 541 4289 quo
569 4206 742 4269 adductus
776 4204 879 4268 aliter
909 4205 952 4268 do
977 4204 1099 4268 Dionis
1132 4203 1348 4286 excerpendi
1382 4204 1524 4271 ratione

378 4312 538 4376 seutiam.
583 4310 674 4374 Nam
697 4310 764 4373 Dio
793 4328 872 4373 cum
901 4328 962 4373 suo
990 4309 1184 4383 loconibil
1214 4308 1310 4372 dicat
1333 4308 1378 4373 de
1407 4317 1524 4376 morte

377 4415 617 4496 Indutiomari,
633 4416 702 4495 hic,
721 4420 902 4496 tamquam
919 4415 947 4477 si
961 4415 1173 4478 mentionem
1189 4414 1263 4477 eins
1277 4412 1347 4475 iam
1366 4412 1524 4499 fecisset,

379 4522 635 4606 quodammodo
658 4525 824 4602 repetens
846 4519 976 4583 leviter
999 4538 1078 4583 eam
1102 4519 1254 4601 attingIt.
