3792 5250
846 611 1055 721 ...l-lg...

378 846 468 911 quae
492 826 693 892 continetur
719 826 849 910 partim
878 828 928 892 eis
957 830 1072 909 rebus,
1104 847 1192 910 quas
1214 846 1355 911 semper
1377 846 1445 891 uno
1469 846 1522 892 eo-

378 936 528 1016 demque
546 933 649 998 modo
669 933 847 1014 describit,
867 935 997 1015 partim
1016 934 1179 998 oratoriis
1200 933 1399 999 contrariis.
1430 933 1524 998 Peri-

358 1039 560 1104 clitantem
592 1038 667 1120 ipso
691 1056 809 1102 rerum
842 1039 1046 1103 discrimine
1076 1039 1120 1102 ad
1144 1037 1385 1103 fortitudinem
1417 1042 1524 1120 atque

377 1143 567 1209 audaciam
590 1142 774 1224 stimulari,
799 1143 869 1207 iam
893 1162 1001 1227 supra
1024 1144 1125 1208 nobis
1149 1144 1305 1208 occurrit
1328 1142 1393 1224 (39,
1412 1143 1441 1223 5,
1465 1144 1525 1208 ubi

381 1248 445 1314 Dio
479 1247 640 1314 Serbium
674 1246 826 1336 Galbam
859 1249 904 1312 ab
936 1249 1079 1332 Alpium
1116 1248 1281 1331 gentibus
1317 1267 1524 1331 oppressum

351 1424 353 1429 ,
379 1372 456 1419 csse
480 1352 711 1438 exsequitur),
745 1353 861 1417 altera
884 1353 920 1417 in
947 1357 1050 1436 parte
1074 1353 1357 1435 Vercingetorigi
1379 1352 1524 1416 nimiam

360 1457 634 1541 superioritatis
666 1457 832 1521 fiduciam
865 1458 1086 1522 incommodo
1117 1458 1224 1522 fuisse
1257 1458 1335 1539 Dic,
1368 1462 1406 1522 ut
1437 1457 1525 1521 auti-

380 1563 500 1627 theton
533 1561 799 1644 adipisceretur,
833 1562 876 1627 de
909 1580 971 1626 suo
1002 1562 1148 1628 addidit.
1192 1562 1233 1626 Id
1266 1562 1358 1645 quod
1392 1560 1525 1627 Caesar

380 1666 487 1731 tradit
517 1667 665 1730 multum
698 1666 888 1730 contulisse
920 1667 966 1731 ad
989 1666 1178 1731 victoriam
1202 1665 1399 1732 Germanos
1431 1665 1523 1751 (VII.

379 1770 429 1853 67,
453 1769 500 1855 5),
525 1789 566 1836 eo
591 1770 892 1853 comprobandum
923 1771 989 1835 sibi
1013 1790 1089 1835 esse
1111 1771 1300 1852 existimat,
1335 1772 1428 1854 quod
1450 1789 1525 1836 cor-

377 1892 501 1958 porum
525 1878 644 1940 eor'um
666 1874 919 1956 magnitudinis
942 1875 1119 1939 admonet.

483 2085 513 2136 c.
536 2068 588 2135 40.
635 2067 862 2134 Obsidionem
877 2069 1018 2134 Alesiae
1038 2069 1103 2132 Dio
1123 2069 1159 2133 in
1178 2069 1383 2133 universum
1401 2069 1525 2134 eodem

380 2173 454 2237 fere
470 2173 572 2237 modo
591 2177 698 2256 atque
715 2172 848 2238 ansar
864 2171 958 2257 (VII.
975 2173 1121 2260 lid-⁶89)
1135 2174 1254 2254 tradit,
1274 2178 1525 2256 praeterquam

380 2278 471 2360 quod
495 2278 624 2360 ubique
648 2296 775 2342 causas
799 2279 971 2343 afferendi
994 2279 1146 2342 studium
1167 2278 1342 2361 expromit
1367 2283 1402 2343 et
1425 2296 1525 2361 prae·

378 2387 478 2447 terea
501 2382 560 2446 hic
582 2400 721 2465 quoque
745 2384 966 2447 obsessorum
999 2384 1200 2465 eruptiones
1228 2383 1282 2446 bis
1304 2367 1419 2447 factas
1443 2400 1525 2446 con-

378 2487 492 2552 fundit
515 2505 595 2552 cum
619 2492 780 2553 extrema
802 2507 932 2571 pugna.
979 2487 1066 2553 Cum
1084 2494 1202 2552 autem
1222 2489 1266 2554 de
1289 2489 1432 2552 fortuna
1453 2507 1525 2551 rnu-

378 2592 503 2657 lierum
527 2592 788 2675 liberorumque
811 2612 856 2659 ex
878 2594 966 2659 urbe
996 2594 1174 2677 pulsorum
1199 2593 1285 2657 nihil
1307 2593 1467 2658 inveniat
1489 2592 1526 2656 in

382 2698 653 2779 commentariiS,
700 2699 783 2763 huic
815 2700 867 2764 rei
898 2700 965 2783 ipsi
997 2717 1061 2782 per
1098 2718 1136 2764 so
1168 2703 1275 2782 aptae
1311 2699 1357 2762 ad
1390 2697 1526 2762 animos

381 2802 588 2868 alliciendos
610 2821 680 2867 non
703 2804 818 2869 minus
842 2805 887 2868 ad
910 2805 946 2868 id
980 2809 1101 2888 aptam
1125 2803 1388 2868 conclusionem
1411 2802 1525 2870 addit:

381 2909 433 2972 καὶ
455 2907 486 2973 oi
504 2912 566 2992 μὲν
587 2903 686 2983 obrue
709 2905 744 2973 ἐν
765 2911 811 2992 τῷ
832 2922 919 2992 μέσῳ
933 2911 987 3000 τῆς
1002 2906 1125 2985 πόλεως
1146 2909 1198 2979 καὶ
1220 2910 1278 2972 τοῦ
1293 2909 1524 2992 στρατοπέδου,

380 3015 561 3101 μηδετέρων
583 3016 669 3101 σφᾶς
690 3015 877 3097 δεχομένων,
901 3012 1088 3099 οἰκτρότατα
1111 3010 1280 3078 ἀπώλοντο
1305 3013 1370 3095 (40,
1394 3014 1437 3090 4).

485 3207 515 3256 c.
539 3189 593 3255 41.
632 3190 810 3274 Quidquid
833 3192 928 3275 apud
951 3191 1098 3256 Dionem
1121 3192 1300 3255 invenitur
1324 3191 1368 3254 de
1382 3189 1526 3253 Vercin-

381 3295 551 3378 getorige,
586 3297 768 3379 paululum
801 3296 875 3361 eius
906 3297 1076 3378 scriptum
1109 3300 1162 3360 est
1193 3296 1228 3358 in
1262 3293 1525 3358 commentariis

383 3398 475 3484 (VII.
492 3399 562 3486 89).
599 3400 668 3465 Sed
692 3402 736 3465 ob
760 3402 827 3465 hoc
850 3402 974 3485 ipsum,
999 3402 1091 3483 quod
1114 3400 1311 3483 simplicem
1334 3399 1428 3462 hanc
1446 3416 1527 3462 con·

382 3504 574 3570 elusionem
598 3506 693 3570 haud
723 3506 867 3588 dignam
900 3505 1080 3570 existimat
1102 3523 1231 3586 magno
1255 3504 1315 3567 illo
1338 3503 1426 3582 viro,
1460 3502 1526 3565 Dio

380 3610 449 3674 hoc
481 3610 560 3675 loco
595 3612 698 3675 frena
734 3611 942 3694 permittens
976 3610 1188 3693 depingeudi
1217 3610 1255 3672 vi
1286 3608 1526 3672 narrationem

380 3716 490 3780 tradit
509 3716 710 3796 oratoriam,
730 3716 915 3780 mirificam
932 3722 1038 3798 atque
1057 3715 1265 3782 fabulosam.
1310 3712 1410 3777 Haec
1429 3716 1526 3775 certe

382 3821 451 3884 lide
483 3838 527 3884 ac
559 3820 713 3884 veritate
745 3820 859 3903 caret;
892 3826 1018 3884 contra
1041 3819 1118 3882 veri
1146 3817 1259 3881 simile
1293 3835 1363 3879 non
1387 3816 1527 3879 videtur

381 3925 719 4008 Vercingetorigem,
744 3926 933 4007 superbum
956 3925 1055 3989 illum
1074 3924 1253 3987 Gallorum
1276 3921 1474 4005 principem
1492 3926 1527 3984 et

381 4030 441 4112 qui
464 4030 509 4094 ad
533 4030 569 4093 id
600 4034 738 4113 tempus
761 4035 946 4112 tantopere
970 4029 1153 4093 abhorruit
1180 4027 1225 4091 ab
1250 4026 1395 4108 ignavia
1419 4032 1454 4090 et
1476 4043 1527 4089 se-

382 4135 536 4200 cundum
559 4134 831 4199 commentarios
865 4133 912 4219 (V
914 4134 958 4197 Il.
982 4133 1041 4219 89)
1074 4132 1257 4198 Gallorum
1281 4130 1427 4195 arbitrio
1450 4148 1527 4213 per-

381 4240 498 4320 mittit,
520 4246 637 4305 utrum
660 4240 735 4322 ipse
759 4258 796 4303 sc
820 4238 1011 4303 interficiat
1033 4257 1079 4302 an
1103 4237 1269 4301 Romanis
1292 4237 1421 4317 tradat,
1454 4239 1527 4299 tam

381 4344 577 4432 supplicem
600 4363 622 4409 a
646 4343 799 4412 Caesare
823 4344 966 4409 veniam
989 4343 1141 4425 petiisse.

850 4536 1058 4545 ------.--

851 4544 1059 4555 -...—-—--
