3792 5250
928 594 973 662 32

381 802 540 867 abundat
563 803 657 868 omni
685 805 917 869 oratoriorum
947 807 1233 869 ornamentorum
1252 822 1401 891 genere,
1424 803 1522 868 velut

382 907 417 972 id
440 907 564 991 ipsum,
588 908 681 991 quod
704 908 749 975 M.
775 907 824 994 (p.
849 908 908 996 46)
933 910 1053 974 affert:
1076 904 1146 972 ἀλλ’
1170 905 1357 991 ὁΡωμαῖος,
1380 905 1398 971 ὁ
1419 904 1521 971 ἀνθί-

379 1037 491 1094 ντατος,
514 1012 550 1076 αἱ
571 1009 693 1096 ρᾶβδοι,
717 1009 755 1078 τὰ
778 1009 913 1098 ἅζίωμα,
936 1010 978 1078 τοὶ
1000 1009 1210 1098 στρατόπεδα
1233 1032 1263 1078 e.
1276 1032 1306 1078 ο.
1327 1014 1391 1096 (38,
1408 1013 1460 1094 43,
1476 1013 1520 1092 4).

482 1118 625 1183 Minime
641 1117 776 1184 verbis:
800 1117 830 1182 οἱ
852 1120 888 1183 δὲ
911 1116 951 1209 δν)
973 1116 1063 1184 ἄλλοι
1085 1115 1145 1208 τήν
1165 1121 1318 1204 ταχίστην
1339 1115 1522 1200 ἀπαγάγετε

377 1224 462 1310 μηδέ
472 1246 526 1306 μοι
540 1219 647 1310 μάτην
664 1221 813 1288 ἐνταῦθα
828 1220 988 1305 τρύχεσθε
1004 1221 1046 1288 τά
1064 1249 1099 1288 τε
1117 1219 1206 1288 κοινοὶ
1220 1221 1285 1312 εἰκῆ
1300 1220 1522 1296 ἀναλίσκοντες

376 1327 429 1390 καὶ
460 1328 524 1392 τῶν
553 1322 727 1411 α’λλοτρίων
758 1323 867 1392 πόνων
899 1325 1175 1411 μεταποιούμενοι,
1208 1322 1268 1415 τὴν
1289 1328 1325 1389 δὲ
1348 1327 1437 1390 λείαν
1459 1322 1518 1414 τὴν

378 1429 432 1516 ὑφ’
462 1429 577 1518 ἑτέρων
608 1441 769 1519 κτωμένην
807 1429 1064 1516 σφετεριξάμενοι
1103 1430 1171 1516 (38,
1203 1430 1256 1512 46,
1291 1431 1328 1512 4)
1374 1431 1520 1495 alterius

378 1536 562 1602 cuiusdam
586 1537 692 1602 fontis
716 1537 868 1618 vestigia
900 1537 1127 1601 continentur
1158 1537 1219 1621 (Μ.
1243 1557 1276 1620 p.
1300 1536 1364 1616 46).
1421 1534 1521 1600 Haec

377 1643 471 1707 enim
504 1643 622 1707 omnia
648 1643 740 1707 ultro
773 1642 901 1706 deduci
924 1646 1072 1724 possunt
1105 1661 1151 1706 ex
1185 1642 1246 1722 eis,
1290 1659 1381 1723 quae
1413 1658 1520 1723 supra

379 1747 529 1829 legimus
553 1751 588 1811 et
612 1745 801 1811 Caesarem
833 1765 913 1810 oum
947 1746 1071 1830 paucis
1102 1746 1342 1829 profecturum
1374 1744 1438 1826 (38,
1467 1744 1519 1825 48,

378 1850 425 1936 3),
449 1852 542 1934 quod
574 1851 682 1917 etiam
714 1851 809 1934 apud
833 1850 1023 1916 Caesarem
1055 1850 1225 1934 seriptum
1258 1854 1311 1915 est
1335 1849 1455 1934 (140),
1485 1855 1520 1913 et

377 1955 505 2021 milites
528 1974 550 2020 a
573 1957 711 2021 civibus
733 1955 856 2020 missos
875 1974 945 2020 non
970 1974 1057 2037 esse,
1086 1962 1124 2021 ut
1147 1954 1255 2038 quieti
1287 1971 1331 2018 ao
1363 1953 1520 2018 desidiae

377 2079 416 2125 se
439 2060 610 2126 dederent
633 2059 702 2147 (38,
727 2059 779 2142 33,
801 2061 836 2145 43
860 2061 905 2140 ὁ).
950 2060 1049 2124 ldem
1072 2059 1167 2142 apud
1190 2057 1340 2123 Dionem
1364 2065 1399 2123 et
1425 2058 1520 2123 infra

377 2166 526 2248 legimus
557 2166 593 2230 in
624 2166 729 2230 simili
763 2165 932 2247 oratione,
974 2182 1079 2247 quam
1113 2164 1237 2229 eodem
1273 2181 1391 2228 rerum
1425 2167 1521 2228 statu

378 2270 567 2337 Caesarem
592 2271 686 2354 apud
713 2270 842 2336 milites
874 2273 1082 2335 recusantes
1117 2274 1242 2335 contra
1273 2270 1409 2334 hostem
1442 2287 1519 2351 pro-

380 2376 510 2458 ficisci,
553 2376 743 2441 habentem
771 2375 863 2439 iacit
887 2377 1101 2459 (στρατιωτῶν
1141 2398 1236 2439 τινων
1278 2371 1313 2439 ἓν
1343 2373 1525 2460 Πλακεντιρι

379 2478 624 2547 στασιασάντων
654 2481 706 2544 καὶ
735 2475 842 2566 μηκέτ’
864 2476 1084 2569 αἰιολοοθῆσαι
1117 2477 1149 2543 οἱ
1177 2476 1358 2544 ἐθελόντων
1385 2527 1520 2546 .....

376 2591 502 2671 Καῖσαρ
524 2586 610 2663 ἔλεξε
633 2638 639 2652 .
665 2638 672 2651 .
698 2583 766 2671 (lt,
790 2583 842 2667 26,
868 2584 903 2671 i)
932 2636 938 2650 .
963 2637 970 2651 .
996 2581 1169 2651 audoenus
1190 2587 1251 2669 μὲν
1272 2580 1314 2671 tq*
1337 2580 1392 2649 δια
1414 2586 1520 2649 ταῦτα

375 2694 431 2782 τῆς
453 2694 617 2773 στρατείας
650 2691 713 2775 (41,
737 2690 789 2771 35,
813 2690 873 2773 4)),
908 2695 946 2756 ut
969 2690 1052 2755 inde
1085 2708 1223 2773 quoque
1253 2689 1400 2771 colligas
1432 2689 1520 2753 illud

377 2815 454 2861 esse
478 2798 599 2861 fictum
622 2814 645 2860 a
667 2795 791 2860 Dione.

480 2900 662 2982 Quomodo
685 2906 803 2967 autem
827 2898 1006 2982 hocloco,
1038 2898 1074 2963 id
1097 2899 1189 2981 quod
1224 2898 1406 2963 Schwartz
1438 2916 1519 2962 eon-

376 3005 489 3070 tendit
512 3005 562 3089 (p.
587 3002 698 3089 1700),
720 3004 909 3069 Frontinus
931 3005 986 3068 his
1017 3022 1099 3068 usus
1128 3003 1263 3069 verbis:
1297 3003 1344 3085 ,0.
1375 3003 1519 3085 Caesar,

375 3111 547 3176 adversus
571 3109 766 3175 Germanos
795 3113 830 3174 et
852 3110 1068 3174 Ariovistum
1102 3114 1332 3192 pugnaturus
1365 3110 1520 3173 confusis

375 3234 516 3280 suorum
538 3214 664 3279 animis
687 3232 750 3298 pro
770 3214 933 3279 contione
953 3214 1052 3295 dixit,
1075 3214 1203 3278 nullius
1222 3231 1260 3278 se
1276 3233 1317 3278 eo
1334 3213 1390 3279 die
1409 3233 1520 3296 opera

376 3320 442 3383 nisi
475 3319 635 3385 decimae
668 3320 816 3402 legionis
847 3337 1005 3384 usurum:
1043 3337 1111 3401 quo
1144 3323 1353 3384 consecutus
1385 3322 1447 3401 est,
1479 3324 1519 3383 ut

376 3424 552 3489 decimani
583 3432 763 3508 tamquam
803 3424 1021 3508 praecipuae
1064 3423 1278 3488 fortitudinis
1319 3424 1518 3489 testimonio

377 3530 605 3609 eniterentur,
638 3533 673 3594 et
712 3530 822 3593 ceteri
860 3528 1005 3612 pudore,
1042 3547 1088 3593 ne
1125 3547 1234 3612 penes
1273 3529 1361 3593 alios
1403 3528 1518 3612 gloria

376 3635 517 3699 virtutis
549 3637 653 3699 esset‘
685 3634 729 3718 (l,
757 3636 805 3715 u,
831 3638 865 3715 33
889 3633 948 3715 IV,
973 3634 1003 3716 5,
1029 3633 1084 3718 11)
1119 3634 1254 3717 pariter
1284 3651 1329 3699 ac
1361 3634 1425 3698 Dio
1459 3653 1517 3700 res

375 3741 525 3821 auxerit,
558 3759 627 3804 non
663 3740 889 3823 perspicuum
922 3743 986 3807 est.
1050 3739 1172 3821 Neque
1204 3738 1297 3804 euim
1328 3739 1517 3806 Frontinus

375 3845 454 3927 plus
486 3844 596 3909 tradit
627 3862 733 3926 quam
765 3843 907 3925 Caesar,
940 3848 1192 3927 praeterquam
1230 3843 1322 3926 quod
1360 3863 1379 3909 e
1411 3845 1517 3911 rebus

376 3950 485 4032 gestis
498 3950 667 4014 nonnulla
681 3953 767 4033 apta
786 3950 831 4014 ad
850 3950 895 4032 id,
915 3949 1008 4033 quod
1027 3954 1099 4015 toto
1119 3950 1238 4015 libello
1256 3950 1339 4033 agit,
1363 3950 1517 4033 collegit.

479 4053 678 4119 Verisimile
701 4053 828 4119 deinde
852 4059 914 4136 est,
938 4054 1087 4119 militum
1103 4058 1176 4119 tum
1195 4074 1332 4137 quoque
1346 4056 1518 4137 quosdam

375 4158 493 4241 fuisse,
516 4158 576 4241 qui
598 4177 643 4223 ne
663 4157 827 4223 Caesaris
850 4159 990 4242 quidem
1012 4159 1183 4241 oratione,
1207 4164 1244 4224 ut
1267 4160 1424 4224 timorem
1444 4160 1518 4225 abi-

376 4267 509 4347 cerent,
545 4269 867 4346 commoverentur;
908 4283 1014 4347 quam
1046 4266 1093 4330 ad
1129 4265 1328 4348 opinionem
1366 4266 1517 4331 Dionem

377 4367 445 4453 (38,
475 4367 585 4456 47,1)
621 4370 697 4435 sine
729 4369 801 4435 ullo
835 4370 905 4434 alio
937 4370 1034 4435 fonte
1066 4371 1172 4435 facile
1206 4371 1397 4435 adductum
1438 4390 1517 4437 esse

366 4492 477 4537 nemo
483 4479 606 4557 potest
617 4492 761 4557 negare.
786 4474 908 4559 Neque
919 4476 1013 4540 enim
1024 4474 1167 4555 Caesar,
1187 4476 1246 4559 qui
1265 4476 1341 4560 ipse
1360 4476 1517 4543 nondum
