3792 5250
921 631 966 700 46

373 849 427 909 est
449 843 524 908 eius
548 842 701 907 studium
724 859 935 923 quacunque
964 841 1101 905 ratione
1129 839 1270 904 dicendi
1293 839 1447 903 artificia
1469 843 1519 903 at-

372 967 440 1032 que
469 951 678 1012 ornamenta
709 946 949 1012 consectandi.
995 946 1096 1028 Quod
1118 945 1272 1009 maxime
1300 948 1453 1027 apparet
1475 963 1519 1008 ex

373 1055 433 1134 eis,
467 1071 558 1135 quae
592 1051 677 1117 dicit
704 1051 756 1133 39,
785 1049 882 1133 42,4
914 1056 949 1117 et
982 1050 1034 1132 43,
1064 1051 1094 1131 1,
1116 1048 1146 1116 2.
1192 1049 1270 1113 Hoc
1297 1050 1375 1112 loeo
1400 1067 1518 1130 quam-

373 1176 477 1241 quam
503 1157 535 1222 ei
558 1157 718 1221 similiter
741 1157 882 1221 occasio
903 1157 1025 1220 oblata
1048 1161 1126 1220 erat
1149 1154 1206 1237 (cf.
1225 1153 1326 1220 Caes.
1338 1154 1401 1221 III.
1418 1152 1470 1234 14,
1483 1153 1517 1218 b:

373 1263 446 1328 tela
473 1263 580 1326 missa
612 1261 658 1325 ab
687 1260 795 1326 Gallis
821 1260 968 1342 gravius
998 1259 1211 1338 acciderent)
1244 1264 1364 1322 tamen
1396 1275 1441 1321 ea
1469 1256 1518 1321 uti

373 1368 493 1449 noluit,
527 1367 589 1432 sed
611 1367 725 1450 ipsum
754 1367 969 1430 contrarium
992 1366 1087 1446 dicit,
1119 1383 1163 1429 ne
1186 1365 1394 1428 facultatem
1419 1379 1518 1426 orna-

374 1477 494 1539 menta
516 1491 581 1537 sua
605 1472 835 1555 expromendi
848 1468 874 1554 ¹)
898 1471 965 1534 sibi
989 1471 1156 1535 demeret.

478 1631 507 1678 ο.
532 1613 584 1677 45.
631 1611 697 1675 Dio
720 1611 854 1678 Verbis:
878 1607 1062 1694 (Τιτούριος
1078 1612 1244 1693 Σαβίνιος)
1264 1606 1305 1672 od
1327 1613 1388 1691 μὲν
1404 1609 1519 1690 πρῶτα

374 1720 426 1782 καὶ
444 1715 533 1782 advo
550 1715 588 1782 τὸ
605 1717 734 1807 πλῆθος
750 1714 858 1782 αὐτῶν
876 1713 1060 1801 κατεπλάγη
1077 1714 1146 1801 (45,
1160 1715 1197 1801 1)
1211 1733 1287 1779 rem
1301 1731 1519 1796 magnopere

374 1827 490 1906 auget,
527 1823 592 1887 etsi
615 1821 748 1887 Caesar
780 1823 888 1888 tradit
921 1823 1116 1888 exercitum
1148 1838 1367 1902 magnasque
1397 1819 1520 1902 copias

375 1931 420 1993 ab
443 1928 601 1991 hostibus
624 1932 769 1992 coactas
797 1946 874 1992 esse
903 1926 984 2013 (ΙΙΙ.
1010 1926 1060 2006 17,
1084 1925 1120 2009 2)
1153 1943 1391 2007 magnamque
1418 1940 1520 2006 prae-

375 2041 474 2098 terea
497 2032 756 2096 multitudinem
785 2032 938 2114 undique
967 2032 1177 2095 convenisse
1205 2030 1285 2116 (111.
1309 2028 1361 2110 17,
1383 2029 1434 2113 4),
1465 2027 1522 2092 Ti-

375 2138 504 2203 turium
528 2142 647 2201 autem
670 2155 751 2201 cum
774 2140 876 2201 tanta
897 2135 1121 2200 multitudine
1140 2135 1292 2199 hostium
1315 2133 1382 2197 nisi
1405 2151 1522 2215 aequo

375 2245 453 2308 loco
485 2248 546 2306 aut
578 2242 842 2325 opportunitate
876 2243 1030 2324 quadam
1063 2241 1149 2306 data
1180 2240 1247 2304 sibi
1280 2238 1523 2303 dimicandum

375 2367 445 2411 non
474 2365 550 2412 esse
581 2347 801 2411 existimasse
835 2346 913 2431 (III.
938 2345 990 2427 17,
1013 2345 1062 2430 7).
1108 2345 1176 2410 Sed
1205 2362 1315 2408 causa
1342 2343 1445 2407 huius
1469 2343 1524 2408 rei

375 2471 445 2517 non
473 2456 546 2516 tam
580 2451 696 2515 odium
728 2451 824 2531 illud,
859 2451 916 2514 cui
943 2450 1142 2532 Jelgersma
1175 2450 1242 2513 hoc
1274 2465 1412 2531 quoque
1440 2449 1522 2512 loco

371 2558 519 2623 multum
544 2555 665 2619 tribuit
688 2555 737 2640 (p.
762 2555 830 2642 40),
865 2573 941 2620 esse
964 2555 1050 2619 mihi
1073 2554 1214 2638 quidem
1238 2553 1388 2635 videtur,
1411 2570 1523 2635 quam

377 2664 449 2744 illa,
483 2662 526 2726 de
561 2679 631 2744 qua
661 2661 732 2725 iam
764 2679 872 2744 supra
895 2661 974 2743 (Dio
998 2660 1050 2742 39,
1081 2662 1109 2742 1,
1136 2661 1168 2742 4,
1203 2662 1247 2743 [p.
1273 2659 1342 2743 38))
1374 2659 1523 2741 egimus

374 2767 497 2832 Dionis
522 2766 737 2831 consuetudo
756 2766 926 2830 nonnulla
949 2783 1089 2848 semper
1112 2783 1179 2828 uno
1200 2764 1392 2846 eodemque
1415 2764 1524 2828 modo

374 2872 471 2938 facta
495 2889 571 2935 esse
595 2870 661 2934 sibi
679 2870 853 2951 fingentis.
894 2869 972 2933 Hoc
994 2869 1072 2933 loco
1096 2870 1270 2933 adductus
1293 2868 1355 2932 illa
1374 2886 1522 2934 consue·

374 2975 495 3042 tudine
518 2993 558 3039 ro
581 2992 670 3038 vera
693 2972 861 3038 Sabinum
892 2974 1011 3039 hostes
1040 2974 1206 3038 metuisse
1233 2973 1352 3039 tradit.
1398 2973 1452 3036 Ex
1478 2992 1523 3038 ea

313 3112 318 3121 ·
375 3080 453 3163 ipsa
485 3098 524 3144 re
556 3085 678 3143 natum
711 3085 774 3158 est,
807 3079 899 3161 quod
931 3080 1022 3144 falso
1054 3080 1168 3145 addit:
1208 3074 1282 3143 ὥστ’
1313 3076 1447 3160 ἀγαπᾶν
1479 3073 1523 3144 ἄν

375 3183 545 3268 (Titurius
568 3182 735 3268 Sabinus)
766 3181 803 3247 τό
825 3208 858 3267 γε
881 3185 993 3268 ἔρυμα·
1009 3182 1214 3270 διασώσῃται,
1246 3184 1294 3247 ad
1317 3183 1409 3266 quod
1433 3181 1521 3248 Cae-

376 3307 435 3353 sar
458 3308 595 3372 quoque
619 3306 698 3354 eum
726 3289 904 3355 adducere
931 3289 1044 3373 potuit
1076 3307 1226 3353 narrans
1251 3288 1416 3353 Crassum
1442 3293 1521 3354 tan-

376 3400 449 3458 tam
483 3394 682 3477 opinionem
718 3394 852 3458 timoris
885 3394 1102 3478 praebuisse,
1134 3400 1173 3459 ut
1203 3395 1274 3458 iam
1306 3394 1353 3458 ad
1383 3394 1521 3459 vallum

375 3503 572 3564 castrorum
594 3499 713 3563 hostes
736 3501 910 3565 accedere
933 3501 1106 3565 auderent
1130 3500 1204 3582 (III.
1230 3500 1280 3582 17,
1305 3500 1347 3580 6).
1392 3500 1463 3565 Sed
1482 3506 1523 3566 ut

375 3606 493 3672 hostes
525 3611 644 3670 castra
681 3606 971 3689 aggrederentur,
1009 3607 1147 3689 optavit
1182 3607 1323 3689 quidem
1357 3606 1521 3690 Sabinus,

376 3710 506 3794 quippe
545 3711 604 3793 qui
643 3711 769 3775 idoneo
806 3711 967 3776 omnibus
1005 3713 1109 3777 rebus
1144 3713 1222 3776 loco
1265 3731 1308 3776 ea
1345 3712 1522 3796 posuisset

376 3814 489 3897 (Caes.
514 3816 576 3895 ΙΙΙ,
601 3814 651 3896 17,
677 3815 712 3901 5)
719 3838 727 3897 ;
761 3816 828 3879 Dio
852 3820 970 3881 autem
994 3817 1069 3899 ipse
1093 3816 1159 3880 sibi
1183 3818 1405 3899 contradicit,
1437 3836 1521 3883 cum

376 3922 468 3984 infra
487 3918 555 4005 (45,
568 3919 605 4006 3)
624 3922 722 3985 nulla
745 3938 862 3986 rerum
882 3922 1156 3987 commutatione
1179 3923 1277 3987 facta
1299 3922 1358 3986 hic
1377 3923 1521 4005 quidem

377 4024 567 4090 Caesarem
590 4042 709 4089 rursus
733 4031 874 4090 secutus
897 4026 994 4090 dicat
1016 4026 1184 4091 Sabinum
1212 4029 1329 4092 hostes
1351 4027 1522 4112 illexisse,

377 4133 416 4193 ut
438 4135 557 4194 castra
581 4137 837 4213 oppugnarent.
878 4130 1078 4196 Secundum
1101 4150 1154 4213 ea,
1178 4152 1269 4214 quae
1293 4136 1400 4196 antea
1424 4133 1521 4199 dixe-

376 4237 442 4313 rat,
472 4231 639 4297 Sabinum
663 4234 750 4298 facit
772 4235 900 4299 deinde
923 4234 1077 4299 animum
1101 4235 1335 4318 colligentem.
1381 4236 1461 4301 Hac
1485 4238 1522 4302 in

380 4358 469 4365 ----—
479 4360 557 4365 -...

483 4407 503 4476 ¹)
524 4407 557 4463 cf.
577 4408 698 4478 Melber,
718 4408 779 4463 Der
797 4409 917 4464 Bericht
935 4411 988 4464 des
1008 4412 1063 4465 Dio
1082 4412 1202 4467 Cassius
1223 4414 1295 4468 iiber
1314 4414 1361 4468 die
1380 4415 1521 4473 Schlacht

378 4495 432 4549 des
450 4494 484 4549 D.
504 4495 611 4556 Brutus
629 4511 727 4566 gegen
746 4496 793 4551 die
813 4496 952 4567 Veneter,
971 4516 999 4569 p.
1018 4502 1077 4568 296.
