3792 5250
928 627 970 696 61

845 721 1053 728 ————---

481 837 744 903 Antithetorum
773 838 887 902 studio
912 838 1086 903 adductus
1110 840 1163 901 est
1187 836 1264 917 Dic,
1292 841 1331 902 ut
1354 836 1449 901 haud
1472 837 1522 902 ita

377 942 532 1007 dilucide
555 943 689 1007 scribat
711 941 907 1008 Labienum
931 944 1096 1008 habuisse
1120 943 1326 1024 orationem,
1359 961 1429 1025 qua
1452 944 1522 1007 suis

377 1052 509 1111 metum
546 1047 679 1112 addere
717 1047 908 1113 videretur.
963 1048 1065 1129 Quod
1096 1046 1296 1129 Jelgersma
1329 1047 1523 1112 arbitratur

378 1156 424 1234 (p.
438 1152 502 1233 57),
526 1151 632 1216 stulte
650 1151 719 1216 hcc
733 1151 882 1217 Dionem
905 1153 1059 1233 finxisse,
1083 1150 1245 1232 Dionen,
1265 1152 1358 1234 quod
1376 1170 1415 1216 re
1434 1171 1522 1217 vera

377 1257 597 1336 factumest,
628 1260 763 1338 narrat,
795 1256 857 1320 sed
879 1256 966 1320 nihil
1001 1255 1069 1319 nisi
1093 1255 1288 1320 oraticnem
1322 1255 1435 1338 ipsam
1458 1274 1524 1340 per

377 1378 414 1424 se
437 1359 602 1424 idoneam
625 1360 743 1441 fuisse,
766 1379 837 1442 qua
860 1361 1008 1425 militum
1033 1361 1142 1424 animi
1164 1361 1423 1442 frangerentur.

482 1464 576 1528 Nihil
608 1465 778 1548 seriptum
811 1471 864 1530 est
898 1466 932 1529 in
967 1465 1231 1531 commentariis
1262 1482 1398 1543 eorum,
1432 1484 1523 1548 quae
1614 1491 1616 1494 ’

378 1574 586 1652 sequuntur:
618 1572 670 1634 καὶ
698 1565 795 1646 οὕτως
822 1567 1022 1661 &Aaronom
1048 1567 1173 1656 t‘rrs'urp
1199 1578 1237 1634 τέ
1262 1593 1346 1654 σφας
1373 1567 1524 1635 ἐσκεδασ-

376 1684 490 1759 μένους
510 1675 564 1739 καὶ
585 1673 657 1751 τούς
679 1673 824 1758 πρώτους
845 1673 1006 1765 ἐκπλήξας
1028 1678 1142 1760 ῥαδίως
1168 1672 1222 1739 καὶ
1243 1673 1316 1751 τούς
1338 1674 1469 1752 λοιποιῖς
1491 1673 1524 1740 δί

377 1777 486 1846 αὐτῶν
503 1779 630 1845 ἐκείνων
651 1775 820 1865 ἐτρέψατο,
844 1777 903 1844 κυῖκ
924 1778 1040 1845 τούτου
1061 1779 1242 1867 φευγόντων
1263 1783 1302 1845 τέ
1320 1801 1412 1865 σμων
1433 1807 1524 1846 τετα-

378 1893 538 1970 ραγμένως
568 1887 622 1950 καὶ
653 1882 799 1976 ἀλλήλους
830 1883 1059 1968 ἐμπιπτόντων
1090 1887 1142 1951 καὶ
1175 1883 1254 1971 πρὸς
1285 1883 1343 1950 τὸν
1374 1884 1524 1970 ποταμὸν

382 1989 579 2075 ὠθουμένων·
613 1989 769 2072 (norton
803 1989 988 2071 ἀπέκτεινε)
1030 1991 1094 2074 (31,
1131 1990 1172 2072 6).
1237 1991 1420 2072 Quomodo
1457 1991 1523 2055 Dio

379 2096 551 2160 adductus
589 2101 642 2160 est
676 2097 722 2160 ad
759 2097 854 2162 hanc
893 2096 1136 2161 narrationem
1167 2097 1346 2161 diversam
1378 2114 1400 2160 a
1433 2115 1524 2160 com-

379 2200 588 2265 menteriis?

485 2305 551 2368 Hic
584 2306 735 2388 denique
767 2307 929 2371 venimus
962 2305 1008 2370 ad
1040 2306 1085 2386 id,
1118 2306 1211 2388 quod
1243 2323 1351 2388 supra
1384 2305 1434 2390 (p.
1465 2306 1524 2392 48)

380 2410 521 2493 saepius
552 2410 843 2491 significavimus:
878 2410 955 2473 Hoc
989 2429 1128 2492 quoque
1161 2410 1238 2474 leco
1271 2411 1338 2474 Dio
1372 2411 1524 2475 studium

379 2533 478 2579 suum
511 2516 681 2578 nonnulla
713 2533 820 2596 saepe
852 2533 921 2578 uno
946 2515 1139 2596 eodemque
1163 2515 1266 2579 modo
1299 2514 1396 2580 nulla
1419 2516 1524 2580 fontis

379 2620 517 2684 ratione
555 2619 677 2684 habita
709 2619 866 2702 sequitur
901 2619 946 2704 (si
977 2619 1191 2701 germanicis
1221 2620 1341 2686 verbis
1377 2620 1524 2686 utimur:

381 2727 428 2791 Er
451 2727 622 2806 vcitahrt,
657 2745 761 2790 avenn
785 2744 868 2789 man
891 2745 929 2789 sc
954 2745 1064 2809 sagen
1088 2727 1177 2808 durs,
1211 2729 1306 2792 nach
1330 2729 1445 2794 einem
1467 2748 1525 2811 ge-

380 2832 507 2896 wissen
531 2830 700 2914 Recept):
734 2830 902 2896 Libenter
924 2849 968 2894 ac
991 2831 1197 2914 saepissime
1221 2832 1298 2913 Dic,
1330 2832 1407 2897 sive
1430 2835 1525 2898 fonte

380 2955 442 3001 suo
474 2937 587 3018 inagis
620 2935 781 2999 minusve
814 2954 854 3000 eo
890 2936 1089 3017 adducitur,
1124 2938 1200 3001 sive
1229 2956 1299 3001 non
1327 2937 1526 3019 adducitur,

381 3042 613 3106 barbarorum
643 3058 722 3104 cum
746 3039 912 3104 Romanis
940 3059 1151 3105 coneursum
1180 3040 1231 3106 ita
1254 3042 1427 3124 depingit:
1462 3043 1526 3107 Rc-

380 3147 476 3211 mani
504 3146 671 3210 simulant
704 3164 742 3210 se
770 3146 887 3210 hostes
918 3146 1043 3210 timere
1076 3145 1152 3231 (vel
1175 3165 1214 3211 re
1238 3165 1327 3211 vera
1349 3148 1526 3213 interdum

381 3270 441 3318 ecs
470 3251 621 3335 timent),
655 3289 695 3296 —
728 3251 764 3314 hi
793 3251 837 3314 cb
866 3268 945 3314 earn
978 3268 1052 3315 rern
1077 3251 1252 3318 Romanos
1285 3256 1527 3335 contemnunt,

380 3356 487 3420 facile
510 3374 547 3420 sc
571 3374 630 3420 eos
654 3355 846 3420 devincere
869 3372 972 3438 pesse
995 3355 1064 3418 rati
1088 3374 1220 3437 speque
1244 3356 1417 3421 victoriae
1441 3358 1527 3422 elati

382 3462 513 3526 acriter
554 3466 660 3543 atque
698 3460 884 3525 temerarie
923 3460 1092 3542 impetum
1129 3460 1264 3525 faciunt
1299 3498 1342 3507 -
1378 3460 1527 3526 Romani

381 3567 495 3631 subito
520 3584 579 3629 cos
597 3565 821 3647 inopinantes
841 3565 1043 3649 opprimunt
1066 3565 1174 3649 (haec
1193 3566 1310 3630 omnia
1329 3566 1400 3630 iam
1419 3584 1527 3649 supra

383 3673 443 3755 (ct.
467 3691 500 3754 p.
513 3669 569 3751 383
585 3670 642 3752 463
660 3670 807 3755 48-49)
828 3671 992 3752 vidimus)
1021 3710 1054 3719 -
1075 3671 1141 3753 ipsi
1164 3672 1378 3753 paratissimi
1396 3672 1528 3756 primes

383 3778 515 3841 acriter
528 3782 756 3841 accurrentes
768 3778 978 3859 perturbant
988 3783 1093 3859 atque
1104 3778 1281 3859 repellunt
1292 3816 1326 3824 -
1336 3778 1481 3842 barbari
1491 3778 1526 3841 in

383 3882 562 3965 proximos
591 3898 671 3944 suos
698 3881 831 3944 cadunt
860 3918 898 3927 -
929 3880 990 3945 alii
1018 3899 1124 3964 super
1151 3881 1240 3945 alios
1268 3882 1459 3945 concidunt
1486 3919 1526 3928 -

383 4005 505 4051 omnes
531 3987 784 4068 perturbantur
812 3990 918 4067 atquc
945 3986 1122 4068 fugantur.
1168 3985 1269 4051 Haec
1299 3990 1352 4054 est
1380 4004 1527 4067 summa,

384 4110 476 4175 quae
504 4097 566 4155 aut
594 4094 668 4154 tota
697 4093 759 4154 aut
785 4088 931 4172 singulis
960 4090 995 4154 in
1024 4090 1194 4173 partibus,
1227 4091 1340 4173 magis
1367 4091 1528 4155 minusve

383 4201 558 4262 exornata
576 4215 716 4280 semper
734 4200 841 4277 atque
859 4195 1051 4261 identidem
1069 4196 1170 4264 redit.
1217 4196 1319 4260 Unde
1338 4197 1527 4261 multarum

384 4321 582 4386 pugnarum
620 4300 875 4384 descriptiones
912 4301 1077 4367 diversae
1114 4320 1136 4365 a
1169 4301 1432 4366 commentariis
1469 4304 1528 4367 vel

385 4409 492 4474 etiam
524 4409 578 4472 bis
606 4407 808 4471 contrariae
830 4407 1048 4489 repetendae
1081 4412 1171 4474 sunt.
1218 4406 1323 4471 Velut
1356 4407 1529 4489 proelium

384 4514 471 4579 illud
502 4532 525 4578 a
552 4511 706 4578 Caesare
740 4513 964 4577 commissum
995 4530 1076 4577 eum
1108 4512 1281 4578 Heluetiis
1314 4512 1366 4594 38,
1401 4512 1452 4597 33,
1485 4513 1526 4580 3;
