3792 5250
923 620 967 688 36

375 827 514 893 verbis:
562 826 675 893 πάντα
707 825 747 904 οἷς
776 825 878 894 εἰπεῖν
901 825 942 893 τοῦ
971 830 1044 912 περὶ
1072 825 1179 892 αὐτῶν
1212 848 1276 893 τισι
1309 838 1517 911 γεγραμμένα,

376 934 564 1019 σονεῇιραψοι
597 936 634 999 δὲ
663 929 702 997 οὐ
731 930 854 1017 πάντα,
888 930 958 998 ἄλλ’
989 929 1052 1000 ὅσοι
1082 930 1224 1014 ἕξὸκρινα
1260 934 1315 1018 (fr.
1343 934 1369 999 I.
1403 932 1439 1017 2)
1471 933 1517 997 ad

375 1039 532 1122 singulas
563 1058 621 1105 res
650 1038 853 1105 necessario
881 1039 1175 1106 demonstrandas
1201 1038 1288 1102 nihil
1314 1039 1404 1103 certi
1426 1039 1518 1101 affir-

375 1144 466 1207 mari
487 1148 612 1229 potest.
658 1144 851 1210 Praeterea
875 1148 910 1208 et
930 1144 997 1208 Dio
1021 1145 1097 1228 ipse
1115 1144 1199 1208 dicit
1219 1141 1259 1218 ὠς
1280 1141 1383 1207 εἰπεῖν
1405 1146 1440 1207 01
1456 1143 1518 1206 1111

375 1250 488 1313 verba
511 1267 624 1332 aeque
652 1254 759 1332 atquo
782 1250 894 1313 multa
921 1250 994 1315 alia
1016 1268 1038 1314 a
1060 1250 1174 1314 Dione
1198 1252 1417 1331 exaggerata
1441 1266 1518 1311 esse

375 1355 569 1436 putandum
598 1359 651 1420 est
678 1359 713 1420 et
735 1355 894 1419 nonnulli
921 1356 1084 1420 arbitrati
1112 1360 1193 1420 sunt
1218 1355 1272 1419 his
1294 1353 1415 1419 verbis
1438 1353 1518 1416 Dio-

359 1478 456 1524 nem
488 1459 691 1542 significare
719 1477 767 1542 se,
801 1460 1034 1543 quodcunque
1057 1461 1152 1543 apud
1175 1456 1357 1523 Romanos
1380 1461 1517 1540 gestum

375 1568 478 1646 esset,
502 1564 640 1646 legisse,
669 1583 739 1628 non
762 1567 881 1630 autem
906 1565 1033 1647 omnia,
1062 1583 1153 1647 quae
1176 1565 1322 1646 legerat,
1351 1562 1518 1640 scribere,

374 1668 437 1732 sed
464 1667 568 1732 modo
599 1669 770 1733 nonnulla
800 1669 1016 1753 excerpendi
1048 1668 1222 1734 rationem
1252 1672 1420 1733 secutum.
1467 1668 1519 1730 Eo

375 1777 494 1838 autom
520 1773 606 1856 ipso,
640 1774 733 1856 quod
756 1773 833 1856 Dio,
867 1774 896 1838 si
924 1774 1082 1858 pluribus
1114 1772 1269 1837 fontibus
1301 1791 1382 1837 usus
1415 1777 1519 1851 esset,

374 1877 515 1961 saepius
549 1878 743 1943 sententias
775 1878 867 1944 inter
895 1897 934 1943 se
958 1878 1157 1943 contrarias
1190 1877 1226 1943 in
1253 1877 1406 1943 medium
1440 1894 1520 1959 pro-

374 1981 512 2047 tulisset
542 1982 830 2066 prolatarumque
863 1987 924 2047 aut
954 2001 1061 2047 unam
1093 1987 1155 2047 aut
1186 1983 1337 2047 alteram
1364 1982 1439 2064 ipse
1467 2000 1519 2045 se-

375 2090 476 2150 cutus
499 2091 601 2168 esset,
629 2087 732 2152 simul
757 2104 836 2151 cum
860 2105 1034 2151 summam
1056 2104 1137 2151 cum
1160 2087 1422 2152 commentariis
1444 2086 1521 2169 plu·

366 2191 472 2283 rimis
494 2192 530 2256 in
552 2193 658 2257 rebus
680 2192 942 2257 similitudinem
961 2191 1142 2275 respicias
1166 2192 1358 2258 verisimile
1381 2193 1420 2256 fit
1438 2210 1520 2256 eum

375 2297 458 2361 solis
481 2316 501 2361 e
524 2297 788 2362 commentariis
819 2298 988 2362 hausisse.
1034 2297 1136 2379 Quod
1164 2298 1292 2363 deinde
1320 2296 1449 2362 attinet
1472 2297 1520 2361 ad

374 2401 487 2467 Asinii
499 2401 665 2467 Pollionis
677 2402 871 2484 historiam,
895 2401 965 2467 hac
983 2403 1019 2466 in
1037 2420 1077 2468 re
1095 2403 1183 2467 nihil
1201 2422 1271 2468 non
1291 2407 1392 2468 caret
1411 2402 1521 2467 certis

374 2506 621 2572 fundamentis.
667 2506 861 2572 Pollionem
892 2513 966 2572 tam
1001 2507 1142 2591 copiose
1176 2508 1212 2572 in
1244 2525 1351 2591 opere
1382 2525 1445 2572 suo
1474 2508 1520 2572 de

374 2611 476 2676 bellis
499 2611 638 2694 gallicis
661 2611 785 2695 egisse,
808 2615 846 2678 ut
869 2610 936 2677 Dio
960 2632 1001 2677 eo
1025 2616 1181 2677 uteretur
1203 2612 1310 2695 fonte,
1333 2632 1437 2679 nemo
1461 2612 1521 2678 de-

374 2723 547 2785 monstret
577 2738 691 2802 neque
714 2720 856 2786 videtur
878 2720 956 2785 veri
979 2720 1103 2785 simile.
1149 2720 1240 2785 Illud
1263 2724 1382 2785 autem
1405 2720 1521 2784 Asinii

375 2825 419 2889 de
446 2825 709 2889 commentariis
736 2824 904 2889 iudicium
935 2843 957 2888 a
981 2824 1093 2889 doctis
1121 2825 1328 2908 plerumque
1356 2825 1402 2889 ad
1426 2843 1520 2889 com-

374 2929 566 2994 mentarios
598 2929 642 2993 de
673 2928 766 2992 bello
794 2928 892 2993 civili
924 2929 1014 2993 solet
1045 2929 1185 3012 referri;
1219 2929 1263 2994 de
1290 2930 1409 2994 multis
1438 2930 1520 2994 aliis

374 3035 489 3114 rebus,
514 3052 605 3116 quae
627 3033 671 3101 M.
696 3032 900 3115 exsequitur
922 3031 971 3117 (p.
996 3033 1037 3099 55
1059 3033 1163 3118 sqq.),
1187 3034 1257 3098 iam
1278 3035 1520 3118 aJelgersma

376 3138 422 3223 (o.
442 3139 486 3224 Ι),
510 3138 657 3202 Ercoleo
681 3137 731 3224 (p.
755 3135 835 3224 129)
858 3138 1046 3220 multisque
1069 3139 1148 3204 aliis
1171 3144 1225 3205 est
1246 3140 1474 3223 disputatum.

931 3349 969 3428 11.

479 3506 607 3573 Cetera
624 3507 748 3572 Dionis
771 3508 892 3592 capita
913 3509 1009 3573 hanc
1032 3509 1176 3574 adrem
1199 3510 1415 3593 pertinentia
1438 3529 1520 3593 per-

374 3612 575 3695 lustrantes,
604 3631 696 3695 quae
719 3614 764 3678 ab
789 3632 830 3677 oo
853 3614 958 3677 aliter
981 3617 1088 3697 atque
1110 3632 1132 3677 a
1155 3613 1310 3679 Caesare
1333 3616 1523 3679 traduntur

375 3717 666 3799 examinabimus,
698 3719 833 3783 omissis
856 3719 1073 3802 plerumque,
1105 3739 1150 3784 ne
1172 3720 1278 3784 latius
1302 3721 1523 3786 diffundatur

375 3822 545 3904 quaestio,
577 3823 637 3903 eis,
670 3842 762 3906 quae
795 3842 818 3888 a
849 3822 964 3888 Dione
998 3823 1109 3888 allata
1142 3843 1222 3889 cum
1254 3826 1522 3891 commentariis

318 4003 320 4007 ¹
375 3932 582 4009 congruunt.

460 4118 541 4202 Illo,
564 4118 590 4185 1.
613 4117 668 4185 39.
691 4136 722 4186 0.
746 4120 852 4200 1—5;
874 4120 1029 4202 40-523
1053 4119 1149 4188 Caes·
1171 4122 1207 4187 b.
1231 4140 1264 4203 g.
1289 4120 1430 4189 [i-lv.

479 4296 509 4344 ο.
534 4278 563 4341 1.
594 4277 733 4342 Verbis:
757 4276 804 4359 (οἱ
824 4276 883 4362 yde
900 4278 1061 4362 Βελγικοὶ)
1083 4276 1290 4368 1111111111)
1312 4280 1444 4357 πολλοῖς
1465 4286 1523 4350 καὶ

377 4388 561 4467 συμμίκτοις
583 4392 685 4465 γένεσι
699 4385 960 4468 emmanuelem,
982 4386 1035 4450 καὶ
1057 4384 1113 4449 ἐπὶ
1130 4383 1187 4451 τὸν
1204 4383 1342 4452 ὠκεανὸν
1359 4385 1416 4452 τὸν
1433 4390 1523 4455 aare?

363 4492 576 4566 Βρειοιοιὶιι
606 4486 804 4578 audiueram
838 4489 885 4576 (1,
910 4490 945 4577 1)
980 4490 1047 4555 Dio
1080 4492 1265 4575 explanat,
1298 4493 1390 4575 quod
1422 4498 1522 4578 apud
