3792 5250
845 646 1054 750 ...⁴1...

375 857 526 924 Nervios
545 836 808 924 circumventos
827 864 863 926 et
880 860 1086 925 interfectos
1109 877 1196 940 esse,
1221 861 1257 924 et
1279 875 1324 924 ex
1342 861 1418 922 tota
1437 855 1522 922 Cae-

375 963 466 1028 saris
493 965 537 1029 de
565 982 686 1047 pugna
717 966 922 1030 narratione
955 966 1010 1046 (cf.
1033 965 1078 1029 ΙΙ.
1102 963 1154 1045 27,
1179 964 1213 1046 3;
1243 964 1280 1045 43
1310 963 1343 1044 5)
1376 968 1411 1028 61
1439 964 1521 1027 inde

375 1070 573 1152 intellegas
597 1070 689 1153 quod
713 1070 846 1136 Caesar
869 1089 1008 1154 quoque
1031 1071 1141 1136 refert
1163 1071 1232 1134 hoc
1254 1070 1389 1153 proelio
1411 1087 1522 1152 prope

375 1176 422 1240 ad
445 1175 723 1241 internecionem
746 1182 888 1259 gentem
911 1195 955 1241 ac
983 1194 1111 1240 nomen
1134 1176 1345 1241 Nerviorum
1370 1192 1447 1239 esse
1469 1191 1522 1238 re-

375 1281 519 1346 dactum
549 1278 681 1362 (1128,
708 1280 749 1362 1).
783 1319 824 1328 -
858 1281 1103 1366 Superlatione
1134 1282 1261 1346 deinde
1285 1281 1416 1362 exigua
1439 1297 1522 1343 usus

376 1384 444 1450 Dio
468 1387 577 1450 tradit
599 1386 718 1451 hostes
741 1388 912 1471 praedam
935 1388 1063 1452 fecisse
1080 1388 1115 1451 in
1132 1387 1259 1451 castris
1274 1385 1522 1450 Romanorum.

375 1491 440 1558 Cui
463 1492 515 1555 rei
547 1491 660 1557 similo
693 1496 755 1574 est,
787 1494 880 1575 quod
904 1491 1038 1558 Caesar
1070 1493 1205 1575 equites
1228 1490 1403 1555 Treveros
1436 1489 1523 1553 facit

376 1596 516 1661 civitati
538 1615 623 1661 suae
645 1599 889 1663 renuntiantes
919 1598 980 1684 (II.
1005 1598 1057 1680 24,
1081 1597 1116 1682 5)
1147 1597 1274 1662 castris
1296 1595 1523 1680 impedimen-

379 1703 494 1785 tisque
516 1702 752 1768 Romanorum
778 1704 895 1769 hostes
919 1722 996 1769 esse
1019 1704 1158 1786 potitos.

482 1860 512 1908 e.
523 1842 555 1908 4.
572 1842 674 1909 Unde
685 1843 808 1908 Dionis
819 1845 946 1912 verba:
959 1845 1012 1908 καὶ
1020 1840 1109 1926 αὐτῷ
1118 1842 1180 1928 (τῷ
1189 1841 1299 1929 τείχει)
1314 1837 1524 1924 τὸνΚαίσαρα

374 1945 605 2034 προσβαλόντα
628 1946 684 2014 ἐπὶ
705 1947 827 2026 πολλάς
853 1948 971 2040 ἡμέρας
993 1946 1226 2031 ἀπεκρούσατο,
1252 1957 1359 2030 μέχρις
1380 1933 1419 2010 οὗ
1440 1943 1524 2027 πρὸς

373 2053 527 2140 μηχανῶν
547 2052 679 2140 ποίησιν
700 2051 858 2139 ἐτράπετο
882 2054 929 2140 (4,
954 2052 1002 2140 2),
1030 2055 1192 2148 prqfecta
1216 2056 1343 2133 essent,
1372 2052 1442 2115 iam
1466 2051 1523 2114 do-

381 2157 456 2222 cuit
477 2157 607 2223 Petsch
619 2158 652 2239 ¹).
700 2157 787 2223 Cum
812 2179 856 2224 ex
886 2159 1049 2225 Caesaris
1072 2158 1206 2223 verbis:
1239 2175 1294 2238 ,ae
1320 2155 1433 2238 primo
1465 2156 1523 2219 ad-

374 2266 488 2327 ventu
525 2263 702 2328 exercitus
735 2265 846 2328 nostri
882 2266 1028 2329 crebras
1058 2283 1103 2329 ex
1135 2262 1263 2346 oppido
1297 2260 1524 2326 excursiones

378 2366 563 2433 faciebant
585 2368 815 2452 parvulisque
826 2369 970 2453 proeliis
993 2387 1074 2433 cum
1096 2368 1226 2433 nostris
1250 2366 1523 2447 contendebant,

376 2477 503 2556 postea
532 2475 630 2538 vallo
663 2492 807 2557 passum
839 2475 875 2538 in
899 2474 1050 2539 circuitu
1072 2475 1138 2538 XV
1160 2473 1295 2537 milium
1318 2471 1524 2553 crebrisque

376 2576 534 2642 castellis
558 2577 817 2642 circummuniti
841 2579 970 2662 oppido
993 2597 1070 2644 sese
1090 2577 1329 2643 continebant‘
1350 2574 1471 2658 (II.30,
1489 2577 1521 2654 1)

376 2693 552 2766 appareat
563 2682 754 2748 Caesarem
767 2684 842 2767 ipso
854 2686 1012 2749 adventu
1027 2685 1072 2748 ad
1082 2683 1300 2747 munimenta
1316 2697 1522 2763 aggressum

377 2805 456 2853 esse
480 2794 524 2869 et,
548 2788 715 2870 quamdiu
738 2788 792 2853 his
812 2807 956 2872 operam
981 2789 1099 2868 dabat,
1123 2789 1238 2851 iactas
1261 2804 1338 2851 esse
1361 2785 1441 2849 illas
1464 2804 1520 2849 ex-

377 2892 568 2975 cursiones
583 2892 660 2974 Dio,
680 2912 771 2976 quae
786 2895 877 2959 inter
889 2895 1002 2959 verba
1020 2895 1144 2977 ,primo
1161 2893 1328 2956 adventu‘
1345 2889 1406 2974 (ΙΙ.
1420 2890 1471 2969 30,
1485 2890 1521 2975 1)

377 3001 414 3063 et
436 2999 581 3080 ,postea‘
610 2997 670 3083 (II.
695 2997 746 3079 30,
771 2997 807 3084 2)
839 3000 1077 3063 intercederet
1105 2998 1196 3062 ratio
1225 3013 1394 3080 perverse
1417 2995 1523 3058 inter-

377 3106 539 3185 pretatus
574 3101 792 3166 existimavit
825 3103 918 3167 inter
952 3103 1032 3166 illas
1066 3102 1218 3166 hostium
1252 3099 1452 3183 eruptiones
1487 3103 1522 3163 et

376 3206 515 3271 initium
548 3206 728 3272 muniendi
759 3207 978 3289 aliquantum
1007 3207 1174 3290 temporis
1201 3204 1452 3284 intercessisse,
1485 3207 1523 3266 ut

376 3310 448 3375 illis
470 3312 554 3395 ipsis
572 3311 721 3376 Romani
744 3313 790 3376 ad
812 3312 880 3376 hoc
898 3312 1080 3375 consilium
1097 3311 1288 3375 ineundum
1307 3309 1522 3373 adduceren-

378 3421 446 3483 tur.
488 3415 574 3482 Cum
597 3417 703 3500 igitur
719 3416 919 3499 Caesarem,
943 3416 1036 3499 quod
1059 3418 1182 3481 urbem
1205 3434 1275 3479 non
1299 3414 1393 3478 illico
1417 3413 1521 3496 cepit,

377 3522 477 3587 initio
500 3522 587 3587 nihil
609 3524 645 3588 in
665 3524 900 3606 oppugnando
924 3522 1083 3588 effecisse
1107 3521 1308 3601 arbitretur,
1333 3519 1522 3603 oppidano·
1619 3565 1623 3574 .

378 3646 524 3692 rumex
546 3633 650 3711 parte
672 3629 723 3693 ita
746 3628 846 3696 dicit:
869 3623 1114 3712 ἀπεκρούσαντο
1136 3622 1237 3690 αὐτὸν
1260 3624 1318 3709 (z
1341 3643 1419 3689 sese
1443 3641 1522 3687 con-

378 3730 567 3818 tinebant).
625 3732 779 3815 Operum
813 3738 932 3798 autem
970 3731 1245 3797 exstructionem
1280 3729 1346 3793 Dio
1382 3728 1522 3792 omnino

378 3837 496 3901 omisit
528 3844 563 3901 et
594 3837 705 3901 solum
737 3838 896 3921 turrium,
931 3855 1022 3921 quae
1057 3836 1115 3900 hic
1146 3834 1340 3899 maximum
1371 3834 1523 3897 afferunt

379 3947 604 4023 momentum,
627 3943 840 4007 mentionem
863 3944 958 4009 fecit.

484 4047 563 4112 Hae
585 4048 621 4112 in
643 4066 683 4112 re
705 4047 967 4113 Rauchenstein
996 4046 1046 4131 (p.
1070 4045 1129 4131 28)
1161 4046 1279 4109 multis
1308 4044 1344 4108 in
1370 4044 1439 4107 illis
1469 4060 1523 4106 ar-

379 4152 565 4235 gumentiS,
590 4153 714 4236 quibus
732 4151 921 4217 Caesarem
940 4171 1066 4217 verum
1085 4170 1154 4215 non
1173 4149 1362 4214 tradidisse
1383 4149 1520 4212 demon·

380 4263 496 4323 strare
527 4258 654 4339 studet,
695 4278 736 4323 eo
770 4259 943 4322 adductus
976 4262 1039 4337 est,
1078 4260 1115 4321 ut
1153 4256 1228 4338 ipse
1266 4254 1522 4336 quodammodo

380 4382 505 4429 verum
524 4383 593 4428 non
609 4365 791 4433 fateretur.
823 4363 945 4447 Neque
964 4363 1057 4428 enim
1075 4362 1208 4426 Caesar
1226 4359 1311 4423 dicit
1329 4358 1523 4441 oppidanos

380 4492 447 4499 —..

486 4492 602 4610 11111.
624 4541 733 4610 17-18.
