<?xml version="1.0" encoding="UTF-8"?>
<!DOCTYPE html PUBLIC "-//W3C//DTD XHTML 1.0 Transitional//EN"
    "http://www.w3.org/TR/xhtml1/DTD/xhtml1-transitional.dtd">
<html xmlns="http://www.w3.org/1999/xhtml" xml:lang="en" lang="en">
 <head>
  <title>
</title>
<meta http-equiv="Content-Type" content="text/html;charset=utf-8" />
  <meta name='ocr-system' content='tesseract 3.04.00' />
  <meta name='ocr-capabilities' content='ocr_page ocr_carea ocr_par ocr_line ocrx_word'/>
</head>
<body>
  <div class='ocr_page' id='page_1' title='image "./quaeratiointerc00willgoog_0046.png"; bbox 0 0 3792 5250; ppageno 0'>
   <div class='ocr_carea' id='block_1_1' title="bbox 373 834 1542 4600">
    <p class='ocr_par' dir='ltr' id='par_1_1' title="bbox 373 834 1519 1351">
     <span class='ocr_line' id='line_1_1' title="bbox 376 834 1519 923; baseline 0.004 -24"><span class='ocrx_word' id='word_1_1' title='bbox 376 834 502 902; x_wconf 83' lang='lat' dir='ltr'>iecisse</span> <span class='ocrx_word' id='word_1_2' title='bbox 524 855 660 921; x_wconf 91' lang='lat' dir='ltr'>paucas</span> <span class='ocrx_word' id='word_1_3' title='bbox 682 837 965 923; x_wconf 86' lang='lat' dir='ltr'>(Rauchenstein</span> <span class='ocrx_word' id='word_1_4' title='bbox 990 839 1165 923; x_wconf 74' lang='lat' dir='ltr'>,einige“)</span> <span class='ocrx_word' id='word_1_5' title='bbox 1188 840 1425 915; x_wconf 80' lang='lat' dir='ltr'>excursiones,</span> <span class='ocrx_word' id='word_1_6' title='bbox 1457 839 1519 904; x_wconf 90' lang='lat' dir='ltr'>sed</span> 
     </span>
     <span class='ocr_line' id='line_1_2' title="bbox 374 942 1519 1031; baseline 0.004 -28"><span class='ocrx_word' id='word_1_7' title='bbox 374 942 543 1020; x_wconf 85' lang='lat' dir='ltr'>,crebras‘</span> <span class='ocrx_word' id='word_1_8' title='bbox 566 942 630 1026; x_wconf 81' lang='grc' dir='ltr'><strong>(ΙΙ.</strong></span> <span class='ocrx_word' id='word_1_9' title='bbox 653 942 707 1025; x_wconf 89' lang='grc'>30,</span> <span class='ocrx_word' id='word_1_10' title='bbox 733 946 779 1031; x_wconf 88' lang='grc'>1).</span> <span class='ocrx_word' id='word_1_11' title='bbox 804 981 844 992; x_wconf 92' lang='grc'><strong>-</strong></span> <span class='ocrx_word' id='word_1_12' title='bbox 869 944 1075 1028; x_wconf 80' lang='lat' dir='ltr'>Oppidanos</span> <span class='ocrx_word' id='word_1_13' title='bbox 1092 943 1258 1008; x_wconf 88' lang='lat' dir='ltr'>Romanis</span> <span class='ocrx_word' id='word_1_14' title='bbox 1281 945 1418 1008; x_wconf 88' lang='lat' dir='ltr'>cibaria</span> <span class='ocrx_word' id='word_1_15' title='bbox 1438 963 1519 1027; x_wconf 83' lang='lat' dir='ltr'>qno</span> 
     </span>
     <span class='ocr_line' id='line_1_3' title="bbox 374 1049 1518 1136; baseline 0.005 -27"><span class='ocrx_word' id='word_1_16' title='bbox 374 1065 443 1128; x_wconf 90' lang='lat' dir='ltr'>que</span> <span class='ocrx_word' id='word_1_17' title='bbox 465 1049 663 1132; x_wconf 81' lang='lat' dir='ltr'>tradidisse,</span> <span class='ocrx_word' id='word_1_18' title='bbox 687 1053 783 1136; x_wconf 89' lang='lat' dir='ltr'>apud</span> <span class='ocrx_word' id='word_1_19' title='bbox 806 1051 998 1119; x_wconf 84' lang='lat' dir='ltr'>Caesarem</span> <span class='ocrx_word' id='word_1_20' title='bbox 1021 1064 1145 1135; x_wconf 86' lang='lat' dir='ltr'>aperte</span> <span class='ocrx_word' id='word_1_21' title='bbox 1168 1071 1238 1116; x_wconf 92' lang='lat' dir='ltr'>non</span> <span class='ocrx_word' id='word_1_22' title='bbox 1262 1053 1432 1136; x_wconf 82' lang='lat' dir='ltr'>scriptum</span> <span class='ocrx_word' id='word_1_23' title='bbox 1455 1061 1518 1116; x_wconf 92' lang='lat' dir='ltr'>est.</span> 
     </span>
     <span class='ocr_line' id='line_1_4' title="bbox 374 1151 1519 1242; baseline 0.004 -26"><span class='ocrx_word' id='word_1_24' title='bbox 374 1151 477 1232; x_wconf 76' lang='lat' dir='ltr'>Quod</span> <span class='ocrx_word' id='word_1_25' title='bbox 499 1154 567 1220; x_wconf 91' lang='lat' dir='ltr'>Dio</span> <span class='ocrx_word' id='word_1_26' title='bbox 589 1157 672 1223; x_wconf 92' lang='lat' dir='ltr'>inde</span> <span class='ocrx_word' id='word_1_27' title='bbox 695 1159 853 1242; x_wconf 87' lang='lat' dir='ltr'>sumpsit,</span> <span class='ocrx_word' id='word_1_28' title='bbox 877 1160 972 1242; x_wconf 91' lang='lat' dir='ltr'>qnod</span> <span class='ocrx_word' id='word_1_29' title='bbox 993 1179 1031 1224; x_wconf 92' lang='lat' dir='ltr'>se</span> <span class='ocrx_word' id='word_1_30' title='bbox 1055 1178 1189 1242; x_wconf 89' lang='lat' dir='ltr'>suaque</span> <span class='ocrx_word' id='word_1_31' title='bbox 1212 1159 1330 1222; x_wconf 90' lang='lat' dir='ltr'>omnia</span> <span class='ocrx_word' id='word_1_32' title='bbox 1349 1158 1519 1222; x_wconf 88' lang='lat' dir='ltr'>Romano-</span> 
     </span>
     <span class='ocr_line' id='line_1_5' title="bbox 373 1264 1257 1351; baseline 0.01 -31"><span class='ocrx_word' id='word_1_33' title='bbox 373 1274 451 1321; x_wconf 86' lang='lat' dir='ltr'>rum</span> <span class='ocrx_word' id='word_1_34' title='bbox 474 1265 641 1342; x_wconf 82' lang='lat' dir='ltr'>potestati</span> <span class='ocrx_word' id='word_1_35' title='bbox 664 1267 900 1349; x_wconf 88' lang='lat' dir='ltr'>permiserunt</span> <span class='ocrx_word' id='word_1_36' title='bbox 923 1265 1041 1351; x_wconf 88' lang='lat' dir='ltr'>(Caes.</span> <span class='ocrx_word' id='word_1_37' title='bbox 1065 1267 1109 1332; x_wconf 93' lang='lat' dir='ltr'>Il.</span> <span class='ocrx_word' id='word_1_38' title='bbox 1133 1265 1185 1347; x_wconf 85' lang='lat'>31,</span> <span class='ocrx_word' id='word_1_39' title='bbox 1209 1264 1257 1351; x_wconf 83' lang='lat'>3).</span> 
     </span>
    </p>

    <p class='ocr_par' dir='ltr' id='par_1_2' title="bbox 375 1360 1542 3130">
     <span class='ocr_line' id='line_1_6' title="bbox 477 1360 1520 1454; baseline 0.005 -27"><span class='ocrx_word' id='word_1_40' title='bbox 477 1363 513 1428; x_wconf 84' lang='lat' dir='ltr'>Si</span> <span class='ocrx_word' id='word_1_41' title='bbox 531 1367 733 1452; x_wconf 87' lang='lat' dir='ltr'>quidquam,</span> <span class='ocrx_word' id='word_1_42' title='bbox 746 1382 844 1436; x_wconf 90' lang='lat' dir='ltr'>certe</span> <span class='ocrx_word' id='word_1_43' title='bbox 862 1391 933 1436; x_wconf 93' lang='lat' dir='ltr'>non</span> <span class='ocrx_word' id='word_1_44' title='bbox 951 1360 1099 1451; x_wconf 84' lang='lat' dir='ltr'>tantum,</span> <span class='ocrx_word' id='word_1_45' title='bbox 1117 1376 1285 1454; x_wconf 90' lang='lat' dir='ltr'>quantum</span> <span class='ocrx_word' id='word_1_46' title='bbox 1300 1369 1520 1451; x_wconf 82' lang='lat' dir='ltr'>Jelgersmae</span> 
     </span>
     <span class='ocr_line' id='line_1_7' title="bbox 375 1471 1521 1559; baseline 0.003 -25"><span class='ocrx_word' id='word_1_47' title='bbox 375 1471 517 1535; x_wconf 84' lang='lat' dir='ltr'>videtur</span> <span class='ocrx_word' id='word_1_48' title='bbox 548 1471 598 1557; x_wconf 86' lang='lat' dir='ltr'>(p.</span> <span class='ocrx_word' id='word_1_49' title='bbox 631 1471 690 1559; x_wconf 84' lang='grc'>32)</span> <span class='ocrx_word' id='word_1_50' title='bbox 724 1476 871 1540; x_wconf 87' lang='lat' dir='ltr'>interest</span> <span class='ocrx_word' id='word_1_51' title='bbox 902 1476 996 1541; x_wconf 88' lang='lat' dir='ltr'>inter</span> <span class='ocrx_word' id='word_1_52' title='bbox 1026 1475 1299 1541; x_wconf 83' lang='lat' dir='ltr'>commentarios</span> <span class='ocrx_word' id='word_1_53' title='bbox 1330 1480 1365 1540; x_wconf 92' lang='lat' dir='ltr'>et</span> <span class='ocrx_word' id='word_1_54' title='bbox 1397 1474 1521 1538; x_wconf 90' lang='lat' dir='ltr'>Dionis</span> 
     </span>
     <span class='ocr_line' id='line_1_8' title="bbox 376 1571 1520 1664; baseline 0.003 -25"><span class='ocrx_word' id='word_1_55' title='bbox 376 1577 503 1643; x_wconf 75' lang='lat' dir='ltr'>verbu:</span> <span class='ocrx_word' id='word_1_56' title='bbox 527 1571 616 1640; x_wconf 74' lang='lat' dir='ltr'>tinia</span> <span class='ocrx_word' id='word_1_57' title='bbox 632 1577 731 1643; x_wconf 72' lang='grc' dir='ltr'><strong><em>τινα</em></strong></span> <span class='ocrx_word' id='word_1_58' title='bbox 748 1576 891 1644; x_wconf 79' lang='grc' dir='ltr'><strong><em>ἀπὸτοῦ</em></strong></span> <span class='ocrx_word' id='word_1_59' title='bbox 907 1584 1028 1661; x_wconf 65' lang='grc' dir='ltr'>τείχους</span> <span class='ocrx_word' id='word_1_60' title='bbox 1045 1581 1198 1664; x_wconf 65' lang='grc' dir='ltr'>ῥίψαντες</span> <span class='ocrx_word' id='word_1_61' title='bbox 1213 1579 1261 1664; x_wconf 83' lang='grc'>(4,</span> <span class='ocrx_word' id='word_1_62' title='bbox 1276 1578 1323 1663; x_wconf 86' lang='grc'>3).</span> <span class='ocrx_word' id='word_1_63' title='bbox 1364 1579 1520 1643; x_wconf 85' lang='lat' dir='ltr'>Verbum</span> 
     </span>
     <span class='ocr_line' id='line_1_9' title="bbox 375 1683 1521 1767; baseline 0.003 -22"><span class='ocrx_word' id='word_1_64' title='bbox 375 1707 420 1756; x_wconf 79' lang='grc' dir='ltr'><strong><em>τις</em></strong></span> <span class='ocrx_word' id='word_1_65' title='bbox 443 1683 537 1764; x_wconf 91' lang='lat' dir='ltr'>apud</span> <span class='ocrx_word' id='word_1_66' title='bbox 561 1683 710 1749; x_wconf 90' lang='lat' dir='ltr'>Dionem</span> <span class='ocrx_word' id='word_1_67' title='bbox 733 1685 888 1752; x_wconf 89' lang='lat' dir='ltr'>maxime</span> <span class='ocrx_word' id='word_1_68' title='bbox 914 1686 1014 1751; x_wconf 84' lang='lat' dir='ltr'>varia</span> <span class='ocrx_word' id='word_1_69' title='bbox 1037 1690 1139 1750; x_wconf 90' lang='lat' dir='ltr'>sonat</span> <span class='ocrx_word' id='word_1_70' title='bbox 1163 1690 1198 1750; x_wconf 90' lang='lat' dir='ltr'>et</span> <span class='ocrx_word' id='word_1_71' title='bbox 1220 1685 1327 1748; x_wconf 89' lang='lat' dir='ltr'>latius</span> <span class='ocrx_word' id='word_1_72' title='bbox 1350 1689 1459 1767; x_wconf 87' lang='lat' dir='ltr'>patet,</span> <span class='ocrx_word' id='word_1_73' title='bbox 1483 1690 1521 1748; x_wconf 93' lang='lat' dir='ltr'>ut</span> 
     </span>
     <span class='ocr_line' id='line_1_10' title="bbox 376 1788 1522 1873; baseline 0.002 -23"><span class='ocrx_word' id='word_1_74' title='bbox 376 1794 412 1851; x_wconf 91' lang='lat' dir='ltr'>et</span> <span class='ocrx_word' id='word_1_75' title='bbox 434 1805 601 1870; x_wconf 83' lang='lat' dir='ltr'>magnam</span> <span class='ocrx_word' id='word_1_76' title='bbox 625 1798 762 1872; x_wconf 87' lang='lat' dir='ltr'>partem</span> <span class='ocrx_word' id='word_1_77' title='bbox 786 1791 971 1873; x_wconf 84' lang='lat' dir='ltr'>significet,</span> <span class='ocrx_word' id='word_1_78' title='bbox 997 1791 1094 1854; x_wconf 82' lang='lat' dir='ltr'>velut</span> <span class='ocrx_word' id='word_1_79' title='bbox 1110 1788 1162 1869; x_wconf 83' lang='lat'>38,</span> <span class='ocrx_word' id='word_1_80' title='bbox 1179 1788 1230 1868; x_wconf 90' lang='grc'>33,</span> <span class='ocrx_word' id='word_1_81' title='bbox 1249 1788 1284 1854; x_wconf 79' lang='lat'>4:</span> <span class='ocrx_word' id='word_1_82' title='bbox 1307 1797 1522 1872; x_wconf 72' lang='grc' dir='ltr'><strong><em>τροπομέιιον</em></strong></span> 
     </span>
     <span class='ocr_line' id='line_1_11' title="bbox 376 1889 1523 1989; baseline 0.001 -34"><span class='ocrx_word' id='word_1_83' title='bbox 376 1893 412 1955; x_wconf 76' lang='grc' dir='ltr'>δὲ</span> <span class='ocrx_word' id='word_1_84' title='bbox 434 1889 557 1957; x_wconf 75' lang='grc' dir='ltr'><strong><em>τούτων</em></strong></span> <span class='ocrx_word' id='word_1_85' title='bbox 577 1890 668 1958; x_wconf 75' lang='lat' dir='ltr'>dito</span> <span class='ocrx_word' id='word_1_86' title='bbox 688 1899 770 1970; x_wconf 77' lang='grc' dir='ltr'><strong><em>τινὲς</em></strong></span> <span class='ocrx_word' id='word_1_87' title='bbox 791 1897 856 1960; x_wconf 84' lang='grc' dir='ltr'>τῶν</span> <span class='ocrx_word' id='word_1_88' title='bbox 876 1892 921 1989; x_wconf 63' lang='grc' dir='ltr'>μὴ</span> <span class='ocrx_word' id='word_1_89' title='bbox 942 1905 1132 1978; x_wconf 75' lang='grc' dir='ltr'><strong><em>μαχομέιιον</em></strong></span> <span class='ocrx_word' id='word_1_90' title='bbox 1152 1898 1353 1976; x_wconf 72' lang='grc' dir='ltr'><strong><em>τιροσε)ιιξαν</em></strong></span> <span class='ocrx_word' id='word_1_91' title='bbox 1371 1892 1523 1978; x_wconf 54' lang='lat' dir='ltr'>igulus-qe</span> 
     </span>
     <span class='ocr_line' id='line_1_12' title="bbox 377 1997 1522 2083; baseline 0.001 -23"><span class='ocrx_word' id='word_1_92' title='bbox 377 2016 407 2060; x_wconf 91' lang='lat' dir='ltr'>e.</span> <span class='ocrx_word' id='word_1_93' title='bbox 436 2015 478 2078; x_wconf 85' lang='lat' dir='ltr'>c,</span> <span class='ocrx_word' id='word_1_94' title='bbox 510 1997 569 2063; x_wconf 91' lang='lat' dir='ltr'>ubi</span> <span class='ocrx_word' id='word_1_95' title='bbox 602 2009 683 2076; x_wconf 74' lang='grc' dir='ltr'><strong><em>τινές</em></strong></span> <span class='ocrx_word' id='word_1_96' title='bbox 713 2006 812 2066; x_wconf 87' lang='lat' dir='ltr'>certe</span> <span class='ocrx_word' id='word_1_97' title='bbox 841 2017 991 2083; x_wconf 85' lang='lat' dir='ltr'>magnus</span> <span class='ocrx_word' id='word_1_98' title='bbox 1023 2017 1189 2064; x_wconf 90' lang='lat' dir='ltr'>numerus</span> <span class='ocrx_word' id='word_1_99' title='bbox 1220 2004 1310 2064; x_wconf 91' lang='lat' dir='ltr'>sunt.</span> <span class='ocrx_word' id='word_1_100' title='bbox 1342 2034 1385 2045; x_wconf 96' lang='lat'>-</span> <span class='ocrx_word' id='word_1_101' title='bbox 1415 1998 1522 2080; x_wconf 80' lang='lat' dir='ltr'>Apud</span> 
     </span>
     <span class='ocr_line' id='line_1_13' title="bbox 377 2100 1524 2186; baseline 0.001 -21"><span class='ocrx_word' id='word_1_102' title='bbox 377 2100 566 2167; x_wconf 82' lang='lat' dir='ltr'>Caesarem</span> <span class='ocrx_word' id='word_1_103' title='bbox 598 2105 747 2186; x_wconf 84' lang='lat' dir='ltr'>legimus</span> <span class='ocrx_word' id='word_1_104' title='bbox 776 2104 899 2170; x_wconf 87' lang='lat' dir='ltr'>Gallos</span> <span class='ocrx_word' id='word_1_105' title='bbox 925 2106 1044 2177; x_wconf 87' lang='lat' dir='ltr'>hostes</span> <span class='ocrx_word' id='word_1_106' title='bbox 1072 2104 1311 2185; x_wconf 84' lang='lat' dir='ltr'>indiligentius</span> <span class='ocrx_word' id='word_1_107' title='bbox 1343 2103 1524 2186; x_wconf 88' lang='lat' dir='ltr'>praesidia</span> 
     </span>
     <span class='ocr_line' id='line_1_14' title="bbox 377 2207 1524 2294; baseline 0.002 -26"><span class='ocrx_word' id='word_1_108' title='bbox 377 2214 581 2271; x_wconf 88' lang='lat' dir='ltr'>servaturos</span> <span class='ocrx_word' id='word_1_109' title='bbox 604 2226 681 2273; x_wconf 91' lang='lat' dir='ltr'>esse</span> <span class='ocrx_word' id='word_1_110' title='bbox 704 2209 897 2274; x_wconf 79' lang='lat' dir='ltr'>credidisse</span> <span class='ocrx_word' id='word_1_111' title='bbox 920 2207 983 2294; x_wconf 91' lang='lat' dir='ltr'><strong>(II.</strong></span> <span class='ocrx_word' id='word_1_112' title='bbox 1007 2208 1059 2289; x_wconf 84' lang='lat'>33,</span> <span class='ocrx_word' id='word_1_113' title='bbox 1082 2207 1130 2294; x_wconf 84' lang='lat'>2),</span> <span class='ocrx_word' id='word_1_114' title='bbox 1164 2209 1232 2272; x_wconf 92' lang='lat' dir='ltr'>Dio</span> <span class='ocrx_word' id='word_1_115' title='bbox 1255 2209 1322 2272; x_wconf 90' lang='lat' dir='ltr'>hoc</span> <span class='ocrx_word' id='word_1_116' title='bbox 1345 2227 1407 2272; x_wconf 92' lang='lat' dir='ltr'>suo</span> <span class='ocrx_word' id='word_1_117' title='bbox 1430 2208 1524 2272; x_wconf 84' lang='lat' dir='ltr'>veri-</span> 
     </span>
     <span class='ocr_line' id='line_1_15' title="bbox 377 2309 1526 2397; baseline 0.002 -25"><span class='ocrx_word' id='word_1_118' title='bbox 377 2314 486 2374; x_wconf 84' lang='lat' dir='ltr'>tatem</span> <span class='ocrx_word' id='word_1_119' title='bbox 510 2312 664 2393; x_wconf 82' lang='lat' dir='ltr'>augendi</span> <span class='ocrx_word' id='word_1_120' title='bbox 685 2331 782 2378; x_wconf 87' lang='lat' dir='ltr'>more</span> <span class='ocrx_word' id='word_1_121' title='bbox 805 2314 856 2378; x_wconf 84' lang='lat' dir='ltr'>ita</span> <span class='ocrx_word' id='word_1_122' title='bbox 873 2313 1041 2381; x_wconf 83' lang='lat' dir='ltr'>reddidit:</span> <span class='ocrx_word' id='word_1_123' title='bbox 1065 2315 1233 2394; x_wconf 75' lang='grc' dir='ltr'><strong><em>(ἕκιιίους)</em></strong></span> <span class='ocrx_word' id='word_1_124' title='bbox 1251 2309 1331 2394; x_wconf 76' lang='grc' dir='ltr'><strong><em>πρός</em></strong></span> <span class='ocrx_word' id='word_1_125' title='bbox 1347 2316 1526 2397; x_wconf 56' lang='lat' dir='ltr'>&amp;peratiae</span> 
     </span>
     <span class='ocr_line' id='line_1_16' title="bbox 377 2405 1526 2504; baseline 0.004 -28"><span class='ocrx_word' id='word_1_126' title='bbox 377 2405 429 2476; x_wconf 80' lang='grc' dir='ltr'>οἷα</span> <span class='ocrx_word' id='word_1_127' title='bbox 459 2413 516 2478; x_wconf 77' lang='grc' dir='ltr'>ἐπὶ</span> <span class='ocrx_word' id='word_1_128' title='bbox 546 2416 615 2502; x_wconf 79' lang='grc' dir='ltr'><strong><em>νίκῃ</em></strong></span> <span class='ocrx_word' id='word_1_129' title='bbox 643 2429 877 2501; x_wconf 68' lang='grc' dir='ltr'><strong><em>τετραμμένους</em></strong></span> <span class='ocrx_word' id='word_1_130' title='bbox 908 2415 1054 2504; x_wconf 63' lang='grc' dir='ltr'>Ιᾔσθοντο</span> <span class='ocrx_word' id='word_1_131' title='bbox 1093 2417 1139 2502; x_wconf 77' lang='lat'>(4,</span> <span class='ocrx_word' id='word_1_132' title='bbox 1162 2415 1211 2501; x_wconf 78' lang='lat'>4).</span> <span class='ocrx_word' id='word_1_133' title='bbox 1271 2416 1376 2481; x_wconf 82' lang='lat' dir='ltr'>Suam</span> <span class='ocrx_word' id='word_1_134' title='bbox 1413 2417 1526 2500; x_wconf 87' lang='lat' dir='ltr'>ipsius</span> 
     </span>
     <span class='ocr_line' id='line_1_17' title="bbox 377 2521 1525 2607; baseline 0.003 -24"><span class='ocrx_word' id='word_1_135' title='bbox 377 2521 618 2585; x_wconf 85' lang='lat' dir='ltr'>narrationem</span> <span class='ocrx_word' id='word_1_136' title='bbox 632 2529 774 2587; x_wconf 90' lang='lat' dir='ltr'>secutus</span> <span class='ocrx_word' id='word_1_137' title='bbox 790 2521 954 2607; x_wconf 86' lang='lat' dir='ltr'>(causam</span> <span class='ocrx_word' id='word_1_138' title='bbox 969 2523 1155 2589; x_wconf 86' lang='lat' dir='ltr'>deditionis</span> <span class='ocrx_word' id='word_1_139' title='bbox 1170 2523 1282 2586; x_wconf 90' lang='lat' dir='ltr'>solum</span> <span class='ocrx_word' id='word_1_140' title='bbox 1299 2522 1525 2605; x_wconf 89' lang='lat' dir='ltr'>repentinum</span> 
     </span>
     <span class='ocr_line' id='line_1_18' title="bbox 377 2621 1542 2713; baseline 0.003 -24"><span class='ocrx_word' id='word_1_141' title='bbox 377 2626 538 2691; x_wconf 89' lang='lat' dir='ltr'>timorem</span> <span class='ocrx_word' id='word_1_142' title='bbox 561 2628 836 2713; x_wconf 86' lang='lat' dir='ltr'>nominaverat),</span> <span class='ocrx_word' id='word_1_143' title='bbox 863 2629 957 2694; x_wconf 86' lang='lat' dir='ltr'>inira</span> <span class='ocrx_word' id='word_1_144' title='bbox 980 2630 1064 2694; x_wconf 90' lang='lat' dir='ltr'>dicit</span> <span class='ocrx_word' id='word_1_145' title='bbox 1085 2628 1280 2713; x_wconf 92' lang='lat' dir='ltr'>oppidanos</span> <span class='ocrx_word' id='word_1_146' title='bbox 1303 2621 1542 2711; x_wconf 87' lang='lat' dir='ltr'>paenitentia</span> 
     </span>
     <span class='ocr_line' id='line_1_19' title="bbox 378 2730 1524 2817; baseline 0.004 -25"><span class='ocrx_word' id='word_1_147' title='bbox 378 2730 501 2795; x_wconf 91' lang='lat' dir='ltr'>ductos</span> <span class='ocrx_word' id='word_1_148' title='bbox 532 2732 754 2815; x_wconf 78' lang='lat' dir='ltr'>audaciaque</span> <span class='ocrx_word' id='word_1_149' title='bbox 793 2740 941 2817; x_wconf 90' lang='lat' dir='ltr'>recepta</span> <span class='ocrx_word' id='word_1_150' title='bbox 981 2734 1226 2800; x_wconf 85' lang='lat' dir='ltr'>excursionem</span> <span class='ocrx_word' id='word_1_151' title='bbox 1261 2732 1398 2797; x_wconf 86' lang='lat' dir='ltr'>fecisse.</span> <span class='ocrx_word' id='word_1_152' title='bbox 1454 2732 1524 2797; x_wconf 87' lang='lat' dir='ltr'>Sed</span> 
     </span>
     <span class='ocr_line' id='line_1_20' title="bbox 377 2835 1523 2903; baseline 0 -3"><span class='ocrx_word' id='word_1_153' title='bbox 377 2835 484 2900; x_wconf 88' lang='lat' dir='ltr'>etiam</span> <span class='ocrx_word' id='word_1_154' title='bbox 521 2838 713 2902; x_wconf 90' lang='lat' dir='ltr'>secundum</span> <span class='ocrx_word' id='word_1_155' title='bbox 750 2838 1022 2903; x_wconf 86' lang='lat' dir='ltr'>commentarios</span> <span class='ocrx_word' id='word_1_156' title='bbox 1058 2838 1254 2902; x_wconf 91' lang='lat' dir='ltr'>animorum</span> <span class='ocrx_word' id='word_1_157' title='bbox 1294 2838 1523 2901; x_wconf 89' lang='lat' dir='ltr'>commutatio</span> 
     </span>
     <span class='ocr_line' id='line_1_21' title="bbox 378 2942 1522 3025; baseline 0.001 -21"><span class='ocrx_word' id='word_1_158' title='bbox 378 2942 475 3005; x_wconf 78' lang='lat' dir='ltr'>lacta</span> <span class='ocrx_word' id='word_1_159' title='bbox 506 2948 569 3022; x_wconf 92' lang='lat' dir='ltr'>est,</span> <span class='ocrx_word' id='word_1_160' title='bbox 602 2942 661 3006; x_wconf 94' lang='lat' dir='ltr'>illo</span> <span class='ocrx_word' id='word_1_161' title='bbox 690 2949 826 3007; x_wconf 90' lang='lat' dir='ltr'>tantum</span> <span class='ocrx_word' id='word_1_162' title='bbox 851 2942 1053 3009; x_wconf 88' lang='lat' dir='ltr'>discrimine</span> <span class='ocrx_word' id='word_1_163' title='bbox 1076 2942 1291 3025; x_wconf 90' lang='lat' dir='ltr'>interposito,</span> <span class='ocrx_word' id='word_1_164' title='bbox 1323 2947 1427 3006; x_wconf 90' lang='lat' dir='ltr'>ntea</span> <span class='ocrx_word' id='word_1_165' title='bbox 1451 2942 1522 3005; x_wconf 92' lang='lat' dir='ltr'>iam</span> 
     </span>
     <span class='ocr_line' id='line_1_22' title="bbox 379 3048 1207 3130; baseline 0.005 -20"><span class='ocrx_word' id='word_1_166' title='bbox 379 3051 495 3126; x_wconf 88' lang='lat' dir='ltr'>antea,</span> <span class='ocrx_word' id='word_1_167' title='bbox 519 3064 599 3112; x_wconf 92' lang='lat' dir='ltr'>cum</span> <span class='ocrx_word' id='word_1_168' title='bbox 623 3065 724 3112; x_wconf 88' lang='lat' dir='ltr'>arma</span> <span class='ocrx_word' id='word_1_169' title='bbox 747 3048 980 3130; x_wconf 90' lang='lat' dir='ltr'>tradiderunt,</span> <span class='ocrx_word' id='word_1_170' title='bbox 1004 3053 1081 3113; x_wconf 90' lang='lat' dir='ltr'>orta</span> <span class='ocrx_word' id='word_1_171' title='bbox 1105 3053 1207 3114; x_wconf 90' lang='lat' dir='ltr'>esset.</span> 
     </span>
    </p>

    <p class='ocr_par' dir='ltr' id='par_1_3' title="bbox 379 3151 1525 4600">
     <span class='ocr_line' id='line_1_23' title="bbox 482 3151 1522 3236; baseline -0.001 -20"><span class='ocrx_word' id='word_1_172' title='bbox 482 3169 512 3216; x_wconf 92' lang='lat' dir='ltr'>c.</span> <span class='ocrx_word' id='word_1_173' title='bbox 537 3152 566 3218; x_wconf 81' lang='lat'>5.</span> <span class='ocrx_word' id='word_1_174' title='bbox 612 3152 812 3235; x_wconf 84' lang='lat' dir='ltr'>Jelgersma</span> <span class='ocrx_word' id='word_1_175' title='bbox 835 3158 880 3236; x_wconf 84' lang='lat' dir='ltr'>(p.</span> <span class='ocrx_word' id='word_1_176' title='bbox 906 3152 961 3234; x_wconf 79' lang='lat'>34)</span> <span class='ocrx_word' id='word_1_177' title='bbox 988 3159 1085 3218; x_wconf 86' lang='lat' dir='ltr'>recte</span> <span class='ocrx_word' id='word_1_178' title='bbox 1113 3152 1275 3236; x_wconf 86' lang='lat' dir='ltr'>exposuit</span> <span class='ocrx_word' id='word_1_179' title='bbox 1298 3151 1447 3215; x_wconf 90' lang='lat' dir='ltr'>Dionem</span> <span class='ocrx_word' id='word_1_180' title='bbox 1477 3171 1522 3217; x_wconf 86' lang='lat' dir='ltr'>ex</span> 
     </span>
     <span class='ocr_line' id='line_1_24' title="bbox 379 3255 1523 3344; baseline 0.003 -27"><span class='ocrx_word' id='word_1_181' title='bbox 379 3255 471 3319; x_wconf 82' lang='lat' dir='ltr'>salsa</span> <span class='ocrx_word' id='word_1_182' title='bbox 495 3257 595 3322; x_wconf 91' lang='lat' dir='ltr'>verbi</span> <span class='ocrx_word' id='word_1_183' title='bbox 621 3262 859 3338; x_wconf 86' lang='lat' dir='ltr'>,commeatus‘</span> <span class='ocrx_word' id='word_1_184' title='bbox 889 3258 1004 3344; x_wconf 78' lang='lat' dir='ltr'>(Caes.</span> <span class='ocrx_word' id='word_1_185' title='bbox 1026 3258 1088 3322; x_wconf 93' lang='lat' dir='ltr'><strong>III.</strong></span> <span class='ocrx_word' id='word_1_186' title='bbox 1112 3256 1142 3339; x_wconf 91' lang='grc'>2,</span> <span class='ocrx_word' id='word_1_187' title='bbox 1166 3257 1204 3343; x_wconf 88' lang='grc'>3)</span> <span class='ocrx_word' id='word_1_188' title='bbox 1230 3257 1523 3340; x_wconf 83' lang='lat' dir='ltr'>interpretatione</span> 
     </span>
     <span class='ocr_line' id='line_1_25' title="bbox 379 3360 1525 3447; baseline 0.003 -24"><span class='ocrx_word' id='word_1_189' title='bbox 379 3378 442 3424; x_wconf 85' lang='lat' dir='ltr'>sua</span> <span class='ocrx_word' id='word_1_190' title='bbox 466 3362 664 3447; x_wconf 86' lang='lat' dir='ltr'>sumpsisse,</span> <span class='ocrx_word' id='word_1_191' title='bbox 689 3381 770 3428; x_wconf 89' lang='lat' dir='ltr'>cum</span> <span class='ocrx_word' id='word_1_192' title='bbox 792 3364 843 3428; x_wconf 91' lang='lat' dir='ltr'>ita</span> <span class='ocrx_word' id='word_1_193' title='bbox 865 3364 1016 3428; x_wconf 89' lang='lat' dir='ltr'>diceret:</span> <span class='ocrx_word' id='word_1_194' title='bbox 1039 3360 1112 3428; x_wconf 66' lang='grc' dir='ltr'>ἐστὶ</span> <span class='ocrx_word' id='word_1_195' title='bbox 1133 3372 1241 3446; x_wconf 78' lang='grc' dir='ltr'><strong><em>μέντοι</em></strong></span> <span class='ocrx_word' id='word_1_196' title='bbox 1263 3362 1294 3427; x_wconf 82' lang='grc' dir='ltr'>οἱ</span> <span class='ocrx_word' id='word_1_197' title='bbox 1314 3363 1442 3436; x_wconf 77' lang='grc' dir='ltr'><strong><em>πλείους</em></strong></span> <span class='ocrx_word' id='word_1_198' title='bbox 1459 3364 1525 3427; x_wconf 83' lang='grc' dir='ltr'>τῶν</span> 
     </span>
     <span class='ocr_line' id='line_1_26' title="bbox 379 3462 1522 3559; baseline 0.003 -30"><span class='ocrx_word' id='word_1_199' title='bbox 379 3470 590 3551; x_wconf 75' lang='grc' dir='ltr'>στρατιωτῶν,</span> <span class='ocrx_word' id='word_1_200' title='bbox 613 3468 644 3532; x_wconf 83' lang='lat' dir='ltr'>oi</span> <span class='ocrx_word' id='word_1_201' title='bbox 655 3473 716 3553; x_wconf 70' lang='grc' dir='ltr'>μὲν</span> <span class='ocrx_word' id='word_1_202' title='bbox 728 3478 915 3554; x_wconf 76' lang='grc' dir='ltr'><strong><em>παρειμένοι</em></strong></span> <span class='ocrx_word' id='word_1_203' title='bbox 935 3462 987 3532; x_wconf 88' lang='grc' dir='ltr'>οἷα</span> <span class='ocrx_word' id='word_1_204' title='bbox 1003 3466 1048 3559; x_wconf 68' lang='grc' dir='ltr'>μῆ</span> <span class='ocrx_word' id='word_1_205' title='bbox 1063 3467 1174 3554; x_wconf 79' lang='grc' dir='ltr'><strong><em>πόρρω</em></strong></span> <span class='ocrx_word' id='word_1_206' title='bbox 1196 3470 1251 3559; x_wconf 81' lang='grc' dir='ltr'>τῆς</span> <span class='ocrx_word' id='word_1_207' title='bbox 1268 3466 1406 3544; x_wconf 75' lang='grc' dir='ltr'><strong><em>Ἰταλίας</em></strong></span> <span class='ocrx_word' id='word_1_208' title='bbox 1423 3464 1522 3546; x_wconf 80' lang='grc' dir='ltr'><strong><em>ὄντες,</em></strong></span> 
     </span>
     <span class='ocr_line' id='line_1_27' title="bbox 379 3570 1523 3662; baseline 0.004 -30"><span class='ocrx_word' id='word_1_209' title='bbox 379 3570 408 3634; x_wconf 85' lang='grc' dir='ltr'>οἱ</span> <span class='ocrx_word' id='word_1_210' title='bbox 430 3573 467 3635; x_wconf 79' lang='grc' dir='ltr'>δὲ</span> <span class='ocrx_word' id='word_1_211' title='bbox 494 3575 548 3637; x_wconf 77' lang='grc' dir='ltr'>καὶ</span> <span class='ocrx_word' id='word_1_212' title='bbox 576 3571 626 3660; x_wconf 78' lang='grc' dir='ltr'>ἐφ’</span> <span class='ocrx_word' id='word_1_213' title='bbox 654 3573 776 3640; x_wconf 80' lang='grc' dir='ltr'><strong><em>ἑαυτῶν</em></strong></span> <span class='ocrx_word' id='word_1_214' title='bbox 803 3573 919 3640; x_wconf 73' lang='grc' dir='ltr'><strong><em>ἄλλοσε</em></strong></span> <span class='ocrx_word' id='word_1_215' title='bbox 946 3572 1162 3662; x_wconf 70' lang='grc' dir='ltr'><strong><em>ἀπεχώρησαν</em></strong></span> <span class='ocrx_word' id='word_1_216' title='bbox 1193 3575 1239 3659; x_wconf 83' lang='grc'>(5,</span> <span class='ocrx_word' id='word_1_217' title='bbox 1264 3574 1311 3659; x_wconf 89' lang='grc'>3),</span> <span class='ocrx_word' id='word_1_218' title='bbox 1344 3579 1379 3638; x_wconf 86' lang='lat' dir='ltr'>et</span> <span class='ocrx_word' id='word_1_219' title='bbox 1407 3593 1451 3638; x_wconf 83' lang='lat' dir='ltr'>ex</span> <span class='ocrx_word' id='word_1_220' title='bbox 1481 3593 1523 3639; x_wconf 89' lang='lat' dir='ltr'>e0</span> 
     </span>
     <span class='ocr_line' id='line_1_28' title="bbox 379 3675 1522 3759; baseline 0.005 -22"><span class='ocrx_word' id='word_1_221' title='bbox 379 3675 454 3757; x_wconf 82' lang='lat' dir='ltr'>ipso</span> <span class='ocrx_word' id='word_1_222' title='bbox 478 3677 645 3759; x_wconf 83' lang='lat' dir='ltr'>colligere</span> <span class='ocrx_word' id='word_1_223' title='bbox 668 3679 768 3743; x_wconf 88' lang='lat' dir='ltr'>uobis</span> <span class='ocrx_word' id='word_1_224' title='bbox 791 3679 900 3744; x_wconf 89' lang='lat' dir='ltr'>licere</span> <span class='ocrx_word' id='word_1_225' title='bbox 923 3699 1003 3743; x_wconf 85' lang='lat' dir='ltr'>euin</span> <span class='ocrx_word' id='word_1_226' title='bbox 1025 3678 1287 3744; x_wconf 89' lang='lat' dir='ltr'>commentariis</span> <span class='ocrx_word' id='word_1_227' title='bbox 1311 3696 1388 3742; x_wconf 91' lang='lat' dir='ltr'>esse</span> <span class='ocrx_word' id='word_1_228' title='bbox 1410 3695 1522 3743; x_wconf 87' lang='lat' dir='ltr'>usum.</span> 
     </span>
     <span class='ocr_line' id='line_1_29' title="bbox 379 3780 1524 3866; baseline 0.005 -26"><span class='ocrx_word' id='word_1_229' title='bbox 379 3817 420 3825; x_wconf 89' lang='lat'>—</span> <span class='ocrx_word' id='word_1_230' title='bbox 445 3780 581 3847; x_wconf 76' lang='lat' dir='ltr'>Galbae</span> <span class='ocrx_word' id='word_1_231' title='bbox 605 3783 822 3866; x_wconf 87' lang='lat' dir='ltr'>eruptionem</span> <span class='ocrx_word' id='word_1_232' title='bbox 846 3784 924 3865; x_wconf 82' lang='lat' dir='ltr'>Dio,</span> <span class='ocrx_word' id='word_1_233' title='bbox 948 3802 1026 3847; x_wconf 92' lang='lat' dir='ltr'>cum</span> <span class='ocrx_word' id='word_1_234' title='bbox 1051 3783 1219 3847; x_wconf 87' lang='lat' dir='ltr'>brevitati</span> <span class='ocrx_word' id='word_1_235' title='bbox 1242 3800 1386 3865; x_wconf 88' lang='lat' dir='ltr'>operam</span> <span class='ocrx_word' id='word_1_236' title='bbox 1409 3781 1524 3860; x_wconf 91' lang='lat' dir='ltr'>daret,</span> 
     </span>
     <span class='ocr_line' id='line_1_30' title="bbox 380 3886 1524 3968; baseline 0.003 -20"><span class='ocrx_word' id='word_1_237' title='bbox 380 3886 618 3968; x_wconf 77' lang='lat' dir='ltr'>indiligentius</span> <span class='ocrx_word' id='word_1_238' title='bbox 642 3888 813 3955; x_wconf 85' lang='lat' dir='ltr'>narravit.</span> <span class='ocrx_word' id='word_1_239' title='bbox 847 3888 933 3953; x_wconf 87' lang='lat' dir='ltr'>Cum</span> <span class='ocrx_word' id='word_1_240' title='bbox 953 3890 1046 3953; x_wconf 92' lang='lat' dir='ltr'>enim</span> <span class='ocrx_word' id='word_1_241' title='bbox 1066 3888 1229 3952; x_wconf 75' lang='lat' dir='ltr'>Caesaris</span> <span class='ocrx_word' id='word_1_242' title='bbox 1252 3888 1378 3952; x_wconf 85' lang='lat' dir='ltr'>verba:</span> <span class='ocrx_word' id='word_1_243' title='bbox 1403 3904 1524 3966; x_wconf 90' lang='lat' dir='ltr'>,acne</span> 
     </span>
     <span class='ocr_line' id='line_1_31' title="bbox 380 3990 1524 4077; baseline 0.001 -23"><span class='ocrx_word' id='word_1_244' title='bbox 380 3991 414 4054; x_wconf 94' lang='lat' dir='ltr'>in</span> <span class='ocrx_word' id='word_1_245' title='bbox 443 3992 530 4056; x_wconf 91' lang='lat' dir='ltr'>locis</span> <span class='ocrx_word' id='word_1_246' title='bbox 558 3992 698 4074; x_wconf 90' lang='lat' dir='ltr'>quidem</span> <span class='ocrx_word' id='word_1_247' title='bbox 725 3993 963 4077; x_wconf 89' lang='lat' dir='ltr'>superioribus</span> <span class='ocrx_word' id='word_1_248' title='bbox 992 3992 1184 4057; x_wconf 90' lang='lat' dir='ltr'>consistere</span> <span class='ocrx_word' id='word_1_249' title='bbox 1208 3990 1358 4075; x_wconf 87' lang='lat' dir='ltr'>(hostes)</span> <span class='ocrx_word' id='word_1_250' title='bbox 1386 3990 1524 4074; x_wconf 89' lang='lat' dir='ltr'>patiun-</span> 
     </span>
     <span class='ocr_line' id='line_1_32' title="bbox 381 4096 1524 4181; baseline 0.002 -21"><span class='ocrx_word' id='word_1_251' title='bbox 381 4104 446 4160; x_wconf 68' lang='grc' dir='ltr'>ιιιιι</span> <span class='ocrx_word' id='word_1_252' title='bbox 471 4097 549 4181; x_wconf 86' lang='grc' dir='ltr'><strong>(ΙΙΙ.</strong></span> <span class='ocrx_word' id='word_1_253' title='bbox 573 4097 604 4179; x_wconf 89' lang='grc'>6,</span> <span class='ocrx_word' id='word_1_254' title='bbox 627 4096 674 4181; x_wconf 88' lang='grc'>2),</span> <span class='ocrx_word' id='word_1_255' title='bbox 707 4098 742 4164; x_wconf 92' lang='lat' dir='ltr'>id</span> <span class='ocrx_word' id='word_1_256' title='bbox 771 4099 862 4181; x_wconf 89' lang='lat' dir='ltr'>quod</span> <span class='ocrx_word' id='word_1_257' title='bbox 887 4097 1020 4162; x_wconf 83' lang='lat' dir='ltr'>Caesar</span> <span class='ocrx_word' id='word_1_258' title='bbox 1047 4103 1261 4181; x_wconf 90' lang='lat' dir='ltr'>postremum</span> <span class='ocrx_word' id='word_1_259' title='bbox 1288 4096 1421 4160; x_wconf 87' lang='lat' dir='ltr'>factum</span> <span class='ocrx_word' id='word_1_260' title='bbox 1445 4116 1524 4162; x_wconf 91' lang='lat' dir='ltr'>esse</span> 
     </span>
     <span class='ocr_line' id='line_1_33' title="bbox 380 4201 1524 4285; baseline 0.001 -21"><span class='ocrx_word' id='word_1_261' title='bbox 380 4203 497 4282; x_wconf 86' lang='lat' dir='ltr'>tradit,</span> <span class='ocrx_word' id='word_1_262' title='bbox 522 4202 699 4285; x_wconf 87' lang='lat' dir='ltr'>respiciat,</span> <span class='ocrx_word' id='word_1_263' title='bbox 723 4210 831 4268; x_wconf 91' lang='lat' dir='ltr'>totam</span> <span class='ocrx_word' id='word_1_264' title='bbox 853 4204 1094 4267; x_wconf 88' lang='lat' dir='ltr'>narrationem</span> <span class='ocrx_word' id='word_1_265' title='bbox 1117 4202 1331 4265; x_wconf 88' lang='lat' dir='ltr'>contrahens</span> <span class='ocrx_word' id='word_1_266' title='bbox 1354 4201 1440 4266; x_wconf 90' lang='lat' dir='ltr'>dicit</span> <span class='ocrx_word' id='word_1_267' title='bbox 1458 4201 1524 4265; x_wconf 90' lang='lat' dir='ltr'>Ro-</span> 
     </span>
     <span class='ocr_line' id='line_1_34' title="bbox 380 4306 1525 4392; baseline 0 -21"><span class='ocrx_word' id='word_1_268' title='bbox 380 4327 502 4372; x_wconf 87' lang='lat' dir='ltr'>manos</span> <span class='ocrx_word' id='word_1_269' title='bbox 526 4307 744 4392; x_wconf 88' lang='lat' dir='ltr'>eruptionem</span> <span class='ocrx_word' id='word_1_270' title='bbox 767 4309 893 4373; x_wconf 87' lang='lat' dir='ltr'>fecisse</span> <span class='ocrx_word' id='word_1_271' title='bbox 917 4315 953 4373; x_wconf 90' lang='lat' dir='ltr'>et</span> <span class='ocrx_word' id='word_1_272' title='bbox 975 4327 1040 4391; x_wconf 93' lang='lat' dir='ltr'>per</span> <span class='ocrx_word' id='word_1_273' title='bbox 1063 4309 1180 4371; x_wconf 88' lang='lat' dir='ltr'>hostes</span> <span class='ocrx_word' id='word_1_274' title='bbox 1202 4307 1238 4370; x_wconf 92' lang='lat' dir='ltr'>in</span> <span class='ocrx_word' id='word_1_275' title='bbox 1261 4308 1341 4371; x_wconf 89' lang='lat' dir='ltr'>loca</span> <span class='ocrx_word' id='word_1_276' title='bbox 1359 4306 1525 4371; x_wconf 88' lang='lat' dir='ltr'>sublimia</span> 
     </span>
     <span class='ocr_line' id='line_1_35' title="bbox 381 4410 1524 4496; baseline 0 -20"><span class='ocrx_word' id='word_1_277' title='bbox 381 4430 584 4495; x_wconf 80' lang='lat' dir='ltr'>progressos</span> <span class='ocrx_word' id='word_1_278' title='bbox 608 4432 694 4479; x_wconf 87' lang='lat' dir='ltr'>esse.</span> <span class='ocrx_word' id='word_1_279' title='bbox 740 4410 899 4495; x_wconf 74' lang='grc' dir='ltr'><strong><em>Ἡμύνοτο</em></strong></span> <span class='ocrx_word' id='word_1_280' title='bbox 918 4414 966 4496; x_wconf 74' lang='grc'>(5,</span> <span class='ocrx_word' id='word_1_281' title='bbox 985 4412 1022 4493; x_wconf 81' lang='grc'>4)</span> <span class='ocrx_word' id='word_1_282' title='bbox 1042 4412 1231 4496; x_wconf 86' lang='lat' dir='ltr'>respondet</span> <span class='ocrx_word' id='word_1_283' title='bbox 1255 4430 1334 4475; x_wconf 90' lang='lat' dir='ltr'>cum</span> <span class='ocrx_word' id='word_1_284' title='bbox 1358 4411 1524 4494; x_wconf 90' lang='lat' dir='ltr'>,undique</span> 
     </span>
     <span class='ocr_line' id='line_1_36' title="bbox 381 4517 1525 4600; baseline -0.001 -17"><span class='ocrx_word' id='word_1_285' title='bbox 381 4519 643 4584; x_wconf 85' lang='lat' dir='ltr'>circumventos</span> <span class='ocrx_word' id='word_1_286' title='bbox 675 4519 890 4583; x_wconf 88' lang='lat' dir='ltr'>interficiunt</span> <span class='ocrx_word' id='word_1_287' title='bbox 944 4523 1053 4586; x_wconf 89' lang='lat' dir='ltr'>t...</span> <span class='ocrx_word' id='word_1_288' title='bbox 1080 4569 1087 4583; x_wconf 94' lang='lat'><strong>.</strong></span> <span class='ocrx_word' id='word_1_289' title='bbox 1115 4518 1150 4582; x_wconf 95' lang='lat' dir='ltr'>in</span> <span class='ocrx_word' id='word_1_290' title='bbox 1182 4518 1302 4600; x_wconf 82' lang='lat' dir='ltr'>fugam</span> <span class='ocrx_word' id='word_1_291' title='bbox 1334 4517 1525 4582; x_wconf 84' lang='lat' dir='ltr'>coniciunt‘</span> 
     </span>
    </p>
   </div>
   <div class='ocr_carea' id='block_1_2' title="bbox 0 0 1909 5250">
    <p class='ocr_par' dir='ltr' id='par_1_4' title="bbox 0 0 1909 5250">
     <span class='ocr_line' id='line_1_37' title="bbox 0 0 1909 5250; baseline 0 0"><span class='ocrx_word' id='word_1_292' title='bbox 0 0 1909 5250; x_wconf 95' lang='lat' dir='ltr'> </span> 
     </span>
    </p>
   </div>
  </div>
 </body>
</html>
