3792 5250
921 622 967 690 48

373 833 433 896 lib.
456 832 483 898 1.
507 850 538 896 c.
562 830 615 911 66,
647 833 706 896 ubi
735 832 879 896 barbari
907 834 1031 898 eadem
1060 832 1232 896 victoriae
1259 850 1322 915 spe
1350 833 1436 897 elati
1459 850 1517 897 ca-

373 944 475 1001 tenas
497 953 618 1000 secum
649 936 778 1016 ferunt,
810 942 848 1001 ut
874 938 990 1001 victos
1025 937 1143 1000 statim
1172 937 1343 1016 vinciant,
1378 937 1516 1020 etipse

373 1059 447 1106 rem
471 1041 663 1106 secundum
687 1039 877 1106 Caesarem
900 1040 1065 1105 arborum
1088 1040 1302 1105 mentionem
1324 1040 1516 1105 facientem

374 1146 535 1210 mutavit.
580 1145 710 1228 Utique
732 1152 851 1210 autem
875 1145 942 1209 Dio
969 1145 1056 1210 illud
1080 1145 1124 1209 dc
1151 1163 1214 1209 suo
1242 1143 1377 1208 addidit
1400 1143 1517 1209 Gallo·

374 1268 451 1314 rum
475 1251 682 1314 iactantiam
706 1254 813 1332 atque
832 1248 1036 1333 superbiam
1059 1267 1166 1331 quam
1188 1248 1343 1314 maxime
1365 1249 1516 1312 illustra-

373 1359 482 1418 turus,
536 1354 612 1419 Nec
643 1354 757 1418 minus
789 1354 932 1417 dubium
966 1360 1028 1433 est,
1067 1353 1150 1435 quin
1182 1352 1218 1416 id
1249 1353 1293 1415 sit
1324 1352 1515 1416 absurdum

373 1465 480 1542 atque
503 1460 575 1524 risu
599 1459 753 1541 dignum,
786 1466 834 1540 ut,
858 1459 941 1541 quid
964 1459 1033 1522 hac
1057 1459 1100 1524 de
1124 1476 1163 1522 re
1187 1458 1316 1522 sentiat
1338 1457 1516 1521 Micalella

372 1565 463 1629 scire
482 1564 633 1647 cupiam,
657 1564 715 1645 qui
738 1564 807 1627 hac
826 1563 862 1627 in
877 1570 981 1647 parte
996 1563 1119 1627 Dionis
1136 1563 1269 1627 fontem
1288 1561 1397 1625 tantis
1415 1561 1515 1626 effert

374 1669 546 1751 laudibus
580 1675 617 1732 ut
644 1686 723 1733 cum
750 1668 818 1732 hoc
841 1686 887 1732 ex
915 1669 976 1732 illo
1003 1668 1192 1751 sumpsisse
1219 1667 1315 1730 haud
1337 1666 1445 1730 facile
1467 1666 1514 1729 fa-

374 1779 501 1855 teatur,
525 1773 640 1838 altera
658 1772 694 1836 in
716 1776 829 1855 parte,
852 1792 897 1838 ne
920 1778 1030 1837 totam
1054 1791 1152 1837 suam
1172 1772 1514 1853 argumentationem

373 1880 492 1962 privet
514 1879 753 1957 fundamenta
787 1877 937 1943 Dionem
968 1879 1138 1942 nonnulla
1171 1878 1215 1940 dc
1243 1894 1305 1941 suo
1338 1875 1514 1939 addidisse

374 2004 443 2048 non
467 1989 582 2067 potest
606 1983 813 2050 concedere.

477 2088 634 2170 Pugnam
659 2088 771 2170 ipsam
802 2087 1007 2152 describens
1030 2086 1097 2150 Dio
1129 2085 1164 2149 in
1193 2085 1311 2168 priore
1338 2089 1443 2167 parte
1465 2102 1514 2149 se-

374 2194 492 2275 quitur
525 2192 726 2257 Caesarem.
784 2192 825 2255 In
859 2193 974 2255 altera
1005 2208 1027 2254 a
1059 2189 1322 2254 commentariis
1354 2189 1514 2255 diversa:

373 2300 425 2362 καὶ
446 2295 519 2374 τούς
532 2295 685 2382 Ιπρώτους
705 2295 866 2387 ἐκπλήξας
887 2294 1045 2387 κατήραξε
1065 2292 1148 2360 κατα
1170 2296 1229 2359 τοῦ
1248 2296 1390 2378 πρανοῦς
1411 2289 1516 2358 ἅπαν

372 2428 430 2478 τας
449 2400 624 2468 κάνταῦθα
650 2399 766 2478 αὐτούς
793 2399 829 2468 ἐν
849 2403 889 2488 τῇ
915 2397 1104 2486 ἀναστροφῇ
1129 2404 1209 2484 ιτερί
1232 2424 1268 2464 τε
1295 2395 1444 2488 ἀλλήλοις
1467 2399 1514 2461 καὶ

372 2509 448 2593 περὶ
476 2512 541 2585 τοῖς
568 2506 673 2584 ξύλοις
698 2508 938 2594 σφαλλομένους
964 2516 1143 2591 κατέκοψεν
1174 2503 1243 2589 (45,
1272 2502 1373 2588 5-6)
1408 2503 1515 2568 utitur

373 2632 494 2679 rursus
522 2613 775 2679 consuetudine
803 2632 877 2695 sua,
909 2632 980 2694 qua
1008 2611 1177 2676 nonnulla
1200 2627 1340 2693 semper
1369 2628 1439 2673 uno
1463 2628 1517 2673 eo

374 2721 524 2803 demque
547 2720 649 2784 modo
673 2720 782 2783 tradit
806 2719 861 2805 (ut
877 2737 941 2782 nos
960 2717 1079 2782 dicere
1098 2717 1264 2780 solemus:
1287 2714 1382 2779 nach
1401 2714 1517 2779 einem

374 2826 547 2906 gewissen
571 2823 733 2909 Recepi),
767 2843 873 2906 quam
896 2841 971 2889 rem
995 2823 1066 2886 iam
1089 2839 1197 2904 supra
1225 2820 1309 2903 (Dio
1332 2818 1385 2901 38,
1408 2819 1462 2900 33,
1486 2818 1516 2900 3,

374 2950 405 3014 p.
431 2929 576 3015 95-29)
600 2930 876 3012 significavimus
900 2932 935 2992 et
957 2927 1051 2991 iufra
1079 2927 1197 2990 omnia
1220 2924 1389 2989 eiusmodi
1422 2923 1517 2987 colli-

374 3041 498 3116 gentes
534 3034 756 3099 disseremus,
796 3071 831 3081 -
871 3033 912 3096 Id
944 3032 1105 3113 denique,
1142 3030 1234 3113 quod
1266 3035 1418 3094 exeunte
1449 3029 1516 3092 hoc

375 3139 492 3222 capito
520 3139 689 3204 nonnulla
717 3139 761 3202 dc
784 3136 967 3202 Gallorum
995 3135 1121 3200 animis
1145 3134 1270 3200 eodem
1298 3132 1401 3197 modo
1424 3131 1516 3196 loco-

375 3264 443 3327 que
466 3248 573 3328 atque
592 3243 724 3309 Caesar
743 3242 820 3329 (ΙΙΙ.
842 3241 893 3319 19,
910 3241 946 3327 6)
971 3241 1185 3323 exsequitur,
1208 3240 1281 3303 iam
1294 3238 1516 3322 Jelgersmae

374 3351 449 3414 iure
473 3351 682 3415 documento
697 3355 775 3415 erat
788 3347 837 3433 (p.
852 3347 912 3431 41)
927 3365 1007 3411 cum
1026 3344 1288 3410 commentariis
1312 3361 1390 3408 esse
1404 3361 1516 3409 usum.

477 3473 506 3521 c.
531 3455 583 3522 49.
632 3454 821 3537 Discrepat
844 3452 910 3515 Dio
934 3470 957 3515 a
979 3449 1253 3530 commentariis
1286 3467 1367 3513 curn
1396 3448 1516 3513 dicat:

376 3557 635 3649 προσιποιήσατό
649 3557 829 3642 (Crassus)
844 3582 878 3621 τε
896 3552 1012 3631 αιῖτούς
1026 3558 1174 3637 δεδιέναι,
1192 3555 1245 3618 καὶ
1261 3554 1520 3640 καταφρονηθεὶς

375 3661 432 3746 οὐχ
456 3660 632 3751 ὑπνφάγετο
664 3668 724 3746 μὲν
751 3659 819 3726 οὐδ’
845 3657 885 3737 ὣς
912 3660 943 3737 ἒς
968 3658 1073 3744 χεῖράς
1099 3658 1130 3724 οἱ
1156 3657 1275 3742 ἐλθεῖν,
1307 3656 1407 3735 &laag
1434 3656 1465 3724 d'
1487 3657 1520 3735 ἐς

374 3764 507 3851 ὕστερον
529 3765 638 3850 ἔχουσι’
656 3789 733 3852 σφιν
753 3767 954 3852 προσέβαλεν
976 3764 1126 3852 ἐξαίφνης
1148 3762 1339 3840 ἀνέλπιστος
1371 3762 1441 3849 (46,
1466 3762 1517 3850 3).

377 3873 417 3937 In
441 3874 510 3938 hac
536 3891 674 3956 quoque
705 3873 910 3938 narratione
938 3871 1083 3955 singulis
1106 3872 1142 3934 in
1170 3870 1275 3935 rebus
1297 3887 1413 3952 paene
1436 3887 1520 3934 oon-

377 3979 487 4042 traria
521 3979 782 4043 commentariis
810 3977 888 4063 (III.
913 3975 1058 4062 23-24)
1092 3977 1251 4057 candem,
1286 3993 1377 4058 quae
1410 3977 1520 4058 paulo

376 4090 460 4150 ante
492 4084 593 4149 nobis
624 4084 792 4165 occurrit,
830 4083 1118 4149 consuetudinem
1150 4082 1316 4164 sequitur.
1373 4080 1439 4144 Dio
1472 4100 1521 4146 ox

376 4188 638 4254 commentariis
661 4189 770 4269 novit,
803 4207 872 4251 non
895 4188 990 4252 illico
1013 4188 1115 4270 signa
1138 4206 1216 4252 csse
1235 4186 1377 4253 collata.
1412 4184 1520 4250 Cuius

377 4296 430 4360 rei
466 4313 611 4359 causam
650 4294 811 4358 similiter
846 4298 953 4375 atque
987 4294 1077 4358 alias
1113 4290 1175 4377 (cf.
1200 4292 1251 4374 39,
1278 4292 1308 4372 l,
1330 4289 1361 4371 4,
1397 4310 1431 4374 p.
1459 4290 1519 4376 38;

377 4400 430 4479 39,
457 4401 510 4482 45,
540 4402 568 4480 1,
606 4420 640 4483 p.
672 4398 731 4484 46)
775 4397 1012 4462 Romanorum
1044 4397 1195 4462 studium
1229 4396 1347 4460 hostes
1379 4397 1425 4460 ad
1457 4397 1520 4461 im-

371 4511 496 4589 petum
510 4505 712 4570 faciendum
727 4503 907 4568 alliciendi
921 4520 1111 4586 corumquc
1126 4508 1238 4567 metus
1257 4502 1519 4567 simulationem
