3792 5250
1041 632 1084 703 28

495 841 662 910 Caesaris
696 845 835 911 verbis:
878 848 1148 929 ,confertissima
1180 846 1270 912 acie‘
1311 846 1350 927 (Ι,
1382 844 1434 926 24,
1466 846 1509 925 1)).
1565 844 1633 910 861

491 950 561 1014 hoc
594 950 673 1014 loco
707 969 785 1015 eam
817 969 892 1016 rom
923 958 1190 1037 praetereamus
1220 957 1257 1018 et
1289 951 1382 1015 infra
1404 951 1440 1014 in
1464 950 1634 1015 eiusmodi

493 1054 572 1118 aliis
613 1054 701 1119 loois
738 1057 960 1139 explicandis
991 1058 1220 1123 fundamento
1263 1055 1446 1140 supposito
1486 1055 1530 1119 de
1567 1054 1636 1119 hoc

494 1178 632 1242 quoque
651 1161 872 1245 disseremus,
891 1163 960 1228 hoc
978 1165 1052 1229 solo
1071 1164 1141 1228 iam
1159 1181 1255 1228 nunc
1273 1162 1393 1226 addito
1410 1178 1634 1243 nequaquam

492 1282 639 1330 necesse
662 1283 739 1331 esse
763 1266 809 1330 ad
833 1268 985 1333 alterum
1008 1269 1184 1351 quendam
1208 1268 1341 1332 fontem
1364 1267 1537 1348 refugere.

597 1369 778 1451 Quomodo
811 1372 888 1437 fieri
918 1372 1083 1456 potuerit,
1116 1376 1154 1436 ut
1184 1370 1249 1436 Dio
1281 1371 1387 1435 aliter
1422 1388 1467 1434 ac
1501 1367 1634 1433 Caesar

492 1474 652 1540 traderet
672 1475 856 1542 Helvetios
878 1474 962 1542 aava
984 1473 1085 1543 νώτου
1109 1474 1179 1561 (38,
1202 1476 1255 1557 33,
1285 1476 1322 1560 4)
1355 1475 1545 1540 Caesarem
1577 1493 1636 1556 ag·

496 1597 636 1662 grossos
659 1599 746 1662 esse,
771 1599 793 1645 a
816 1581 973 1647 Melbero
998 1581 1049 1665 (p.
1072 1580 1126 1663 65)
1160 1587 1266 1664 atque
1288 1581 1426 1645 Vulteio
1460 1583 1505 1664 (p.
1529 1577 1636 1645 222-

492 1682 583 1770 223),
615 1689 653 1750 ut
684 1685 751 1749 Dio
784 1686 919 1768 equites
951 1691 1204 1771 persequentes
1237 1686 1421 1753 induceret
1452 1684 1636 1751 Helvetios

492 1790 642 1871 fugatos,
677 1808 700 1854 a
733 1789 889 1855 Melbero
927 1793 973 1874 (p.
998 1790 1063 1872 66),
1099 1795 1137 1856 ut
1173 1790 1268 1874 apud
1305 1788 1496 1856 Caesarem
1540 1790 1636 1854 duae

496 1893 654 1976 legiones
676 1913 818 1978 pugnae
840 1914 911 1960 non
942 1896 1163 1976 interessent,
1196 1896 1242 1960 ab
1275 1894 1419 1961 Hellero
1454 1894 1503 1982 (p.
1529 1893 1636 1959 310-

492 1999 567 2080 311)
591 2000 677 2064 60116
700 2019 874 2084 superque
904 2006 958 2066 est
986 2001 1193 2086 expositum.
1240 2001 1355 2083 Quam
1384 2000 1496 2066 mirae
1526 1998 1635 2064 exsis-

492 2106 571 2168 tant
593 2121 660 2185 reS,
684 2104 713 2168 si
740 2122 880 2188 semper
911 2105 946 2170 et
977 2105 1106 2187 ubique
1137 2104 1297 2169 nonnulli
1329 2102 1519 2169 Caesarem
1546 2120 1637 2166 vera

492 2209 635 2273 tradere
658 2213 801 2292 negant,
824 2210 993 2275 hocloco
1016 2229 1154 2275 cernas.
1199 2210 1379 2274 Mioalella
1402 2208 1496 2275 enim
1519 2212 1565 2292 (p.
1578 2206 1633 2287 32)

494 2314 618 2379 statuit
640 2315 834 2398 equitatum
857 2334 922 2399 pro
945 2316 1168 2399 praestantia
1191 2333 1255 2380 sua
1278 2314 1499 2397 aptissimum
1530 2314 1640 2378 fuisse

492 2419 538 2482 ad
556 2418 675 2484 hostes
692 2421 972 2507 persequendos3
996 2420 1258 2485 Rauehenstein
1277 2437 1358 2484 oum
1384 2437 1464 2485 eum
1480 2418 1639 2483 nominet

492 2523 581 2600 ,eine
609 2525 845 2591 erbarmliche
870 2525 1087 2592 Kavallerie‘
1120 2526 1170 2612 (p.
1194 2526 1259 2607 89),
1297 2525 1440 2590 minime
1469 2524 1637 2590 idoneum

494 2628 540 2693 ad
562 2630 696 2713 aliquid
719 2632 954 2698 efficiendum.
999 2632 1044 2696 Et
1065 2632 1119 2696 his
1142 2631 1259 2696 causis
1287 2632 1378 2696 inter
1409 2649 1448 2695 se
1479 2629 1637 2695 maxime

493 2735 681 2800 contrariis
704 2754 812 2800 unum
834 2737 997 2819 idemque
1030 2737 1172 2801 student
1203 2737 1461 2802 demonstrare:
1493 2734 1638 2800 menda-

493 2838 638 2906 citatem
661 2838 838 2907 Caesaris!

597 2944 797 3011 absurdum
821 2946 934 3028 ipsum
958 2963 1021 3028 per
1043 2963 1081 3009 se
1105 2963 1192 3027 esse,
1215 2946 1310 3028 apud
1332 2943 1479 3009 Dionem
1502 2942 1566 3027 (38,
1581 2942 1636 3025 33,

495 3048 527 3129 5)
549 3048 792 3116 Helvetiorum
815 3050 985 3115 maiorem
1009 3068 1146 3133 quoque
1168 3055 1317 3133 partem,
1349 3053 1534 3132 postquam
1563 3048 1637 3111 iam

494 3154 632 3238 pridem
665 3156 785 3238 fugam
821 3155 1014 3238 capessivit
1047 3173 1196 3237 eamque
1229 3154 1466 3219 Romanorum
1498 3153 1636 3236 equites

494 3261 673 3342 persecuti
695 3265 786 3342 sunt,
810 3279 880 3325 una
904 3279 984 3326 oum
1008 3261 1167 3343 Tulingis
1191 3266 1227 3325 et
1249 3262 1343 3326 Boiis
1362 3261 1408 3325 ad
1432 3278 1553 3325 carros
1582 3278 1636 3324 re·

494 3366 627 3448 fugere,
661 3366 788 3431 deinde
821 3365 941 3430 Dionis
973 3368 1101 3432 verba:
1134 3366 1164 3430 ot
1194 3364 1356 3450 σύμμαχοι
1386 3368 1450 3431 τῶν
1482 3369 1637 3449 Ρωμαίων

494 3466 609 3547 αὐτοὺς
630 3473 820 3556 διέφθειραν
843 3471 908 3554 (38,
932 3471 984 3552 33,
1008 3472 1041 3552 d)
1064 3472 1227 3555 profecta
1259 3490 1336 3536 esse
1370 3490 1392 3536 a
1423 3471 1515 3535 falsa
1542 3488 1636 3535 oom-

494 3576 747 3643 montariorum
786 3577 1078 3659 interpretatione
1117 3576 1187 3640 iam
1229 3578 1365 3641 Melber
1400 3576 1450 3659 (p.
1488 3574 1635 3661 tto-67)

495 3681 667 3764 exposuit.

598 3784 699 3866 Quae
722 3786 840 3850 omnia
858 3786 887 3849 si
906 3785 1121 3869 colligemus,
1146 3786 1251 3867 longe
1273 3785 1377 3849 aliter
1399 3788 1506 3867 atque
1528 3784 1638 3850 Mica-

495 3891 580 3955 lella
612 3892 656 3957 de
687 3891 757 3962 hac
788 3910 908 3975 pugna
940 3892 1144 3957 sentiemus:
1182 3890 1249 3954 Dio
1282 3889 1387 3955 totius
1410 3892 1486 3955 fore
1510 3892 1640 3974 proelii

494 3998 740 4079 perturbatam
764 4002 870 4081 atque
889 3996 1086 4079 obscuram,
1108 3994 1285 4060 nonnullis
1304 3995 1340 4060 in
1358 3996 1464 4060 rebus
1482 3995 1639 4063 veritate

496 4107 677 4167 carentem
700 4101 890 4186 imaginem
914 4102 1068 4166 tradidit.

598 4206 716 4272 Tertio
740 4208 858 4292 capite
881 4207 1060 4272 Mioalella
1091 4207 1166 4289 agit
1197 4207 1241 4271 de
1272 4207 1365 4272 bello
1389 4212 1514 4271 contra
1537 4207 1640 4272 Ario-

496 4312 625 4376 vistum
649 4316 760 4395 geste.

599 4418 640 4481 In
663 4436 706 4482 ea
727 4420 850 4498 verba,
873 4436 965 4500 quae
987 4416 1055 4481 Dio
1078 4415 1142 4497 (38,
1163 4415 1214 4498 34,
1234 4417 1266 4496 1)
1289 4416 1388 4480 initio
1412 4417 1456 4482 de
1472 4416 1642 4485 Caesaris

487 4523 618 4586 studiis
639 4527 749 4606 atque
773 4522 928 4589 consiliis
951 4521 1048 4604 facit,
1071 4521 1165 4587 idem
1189 4520 1286 4585 cadit
1308 4522 1401 4605 quod
1428 4540 1536 4606 supra
1568 4525 1642 4608 pri-
