3792 5250
968 621 1011 690 50

417 840 489 901 tum
523 833 663 898 omnino
695 832 854 914 neglexit
892 832 953 917 (ef.
976 832 1112 897 Melber
1143 851 1176 915 p.
1202 830 1347 916 67-68)
1383 836 1429 909 et,
1468 832 1565 915 quod

416 940 495 1004 veri
518 939 731 1010 simillimum
755 937 787 1001 ei
811 937 1010 1018 videbatur,
1033 937 1151 1018 elegit,
1176 955 1216 1000 eo
1234 937 1357 1018 magis,
1381 936 1474 1018 quod
1493 936 1565 1000 hoe

418 1044 548 1128 optime
572 1041 809 1107 conveniebat
832 1060 927 1106 eum:
959 1038 1200 1127 κατεφρόνησαν
1221 1037 1328 1105 αὐτῶν
1350 1038 1419 1125 (47,
1443 1039 1491 1123 3),
1527 1040 1564 1104 id

418 1137 511 1231 duod
534 1147 688 1211 maxime
711 1146 748 1210 in
771 1146 907 1212 deliciis
930 1145 1048 1212 habet.

519 1358 549 1404 ο.
572 1339 625 1406 48.
670 1338 782 1403 Simili
804 1338 907 1402 modo
931 1342 1039 1420 atque
1062 1354 1171 1420 supra
1190 1333 1259 1420 (38,
1278 1334 1331 1416 31,
1350 1334 1388 1420 4)
1408 1335 1467 1400 ubi
1487 1336 1564 1418 egit

417 1445 460 1509 de
497 1443 740 1509 Helvetiorum
776 1443 904 1524 legatis
952 1441 1024 1528 (καί
1052 1466 1083 1507 οι
1119 1442 1172 1505 καὶ
1206 1439 1336 1515 ἐλπίδος
1370 1437 1565 1505 thraecium

418 1549 602 1634 [Caesarii
635 1549 702 1612 Dio
730 1548 774 1611 de
806 1565 869 1611 suo
897 1548 1040 1612 minime
1067 1547 1243 1612 decedens
1277 1564 1299 1610 a
1330 1564 1418 1611 vero
1446 1565 1565 1628 neque

417 1654 624 1738 discrepans
663 1671 743 1717 oum
779 1653 1042 1717 commentariis
1081 1651 1217 1716 addidit
1253 1649 1444 1716 Caesarem
1477 1649 1565 1716 Ger·

415 1758 530 1822 manis
565 1777 603 1823 se
635 1776 718 1821 mox
749 1775 999 1840 responsurum
1033 1756 1243 1840 promisisse.
1298 1755 1356 1836 Ut,
1389 1756 1565 1837 quomodo

418 1862 587 1930 Germani
619 1862 803 1946 repentino
826 1861 1064 1926 Romanorum
1095 1861 1226 1944 impetu
1257 1861 1455 1944 perturbati
1482 1861 1565 1942 sint,

416 1969 541 2033 melius
569 1972 812 2051 persequatur,
843 1967 993 2031 ornandi
1022 1984 1133 2030 eausa
1162 1966 1261 2029 addit
1288 1984 1348 2030 eos
1377 1983 1566 2048 oppressos

417 2091 494 2137 esse
522 2072 760 2152 meridiantes,
796 2071 889 2154 quod
912 2074 948 2135 et
970 2070 1053 2134 inde
1077 2070 1108 2135 ei
1136 2070 1236 2134 licuit
1259 2069 1438 2151 colligere,
1471 2071 1567 2151 quod

417 2196 522 2242 mane
553 2176 669 2263 (Caes.
694 2177 752 2242 IV.
785 2176 837 2255 13,
869 2175 907 2259 4)
942 2175 1199 2240 Germanorum
1233 2174 1343 2256 legati
1374 2173 1410 2238 in
1443 2180 1567 2240 eastra

416 2282 577 2346 Romana
608 2284 850 2365 pervenerant
882 2285 917 2344 et
952 2280 1033 2344 dum
1063 2280 1100 2343 hi
1133 2279 1178 2342 ad
1213 2279 1495 2362 aggrediendum
1530 2299 1565 2345 se

416 2390 554 2469 parant,
584 2386 749 2451 meridies
777 2386 852 2449 iere
875 2384 1001 2449 adesse
1029 2387 1182 2466 poterat.
1216 2422 1253 2430 -
1286 2383 1348 2465 Ea,
1381 2401 1473 2466 quae
1500 2384 1559 2449 Dio

417 2491 525 2554 tradit
549 2490 737 2569 decausis,
762 2489 888 2572 quibus
910 2493 1105 2553 commotus
1124 2487 1258 2553 Caesar
1271 2486 1432 2552 Rhenum
1453 2491 1560 2553 trans

416 2613 557 2679 gressus
591 2596 654 2660 sit:
687 2592 759 2671 πούς
789 2619 825 2660 τε
856 2593 980 2671 ἱππέας
1012 2591 1158 2670 ἀπόντας
1190 2590 1265 2658 τότε
1288 2645 1295 2659 .
1321 2646 1327 2659 .
1352 2650 1359 2662 .
1385 2644 1398 2662 .,
1425 2604 1567 2681 πεμψας

416 2697 575 2787 ἐξῄτησεν,
598 2697 656 2782 οὐχ
678 2695 726 2764 ὅτι
749 2701 801 2763 καὶ
819 2695 1066 2790 ἐκδοθήσεσθαί
1084 2720 1168 2784 σφας
1185 2695 1425 2785 προςεδόκησεν,
1449 2695 1489 2762 οὗ
1507 2698 1567 2782 γάρ

416 2828 479 2869 που
501 2800 599 2881 οὕτως
621 2803 651 2868 oi
671 2814 777 2887 πέραν
798 2806 856 2868 τοῦ
869 2800 979 2894 Ῥήνου
1002 2800 1074 2879 τούς
1090 2801 1257 2886 Ῥωμαίους
1274 2800 1459 2887 ἐφοβοῦντο,
1483 2798 1568 2868 ὥστε

415 2911 469 2974 καὶ
496 2907 538 2973 aui
568 2911 703 2975 τοιαῦτα
735 2907 841 2975 αὐτῶν
871 2905 1008 2990 ἀκούειν,
1040 2906 1110 2973 ἀλλ’
1137 2906 1224 2984 ὅπως
1251 2907 1308 2973 ἐπὶ
1334 2910 1374 2993 τῇ
1401 2906 1569 2991 προφάσει

415 3012 517 3101 ταύτῃ
539 3017 591 3078 καὶ
614 3012 732 3080 ἐκεῖνον
761 3017 890 3100 διαβαίη
908 3013 977 3099 (48,
999 3012 1049 3099 4).
1095 3010 1190 3089 αὐτός
1212 3039 1247 3078 τε
1268 3012 1328 3097 γὰρ
1348 3010 1366 3076 ὁ
1387 3014 1499 3099 μηδείς
1513 3037 1569 3077 πω

417 3116 575 3202 πρότερον
605 3120 670 3184 τῶν
701 3115 816 3201 ὁμοίιον
844 3117 875 3182 οἱ
904 3115 1100 3208 ἐπεποιήκει,
1133 3120 1240 3193 δεινῶς
1271 3118 1394 3201 πρᾶξαι
1426 3113 1569 3199 ἐγλίχετο

417 3222 485 3308 (48,
508 3223 545 3307 3)
578 3224 739 3307 profecta
762 3226 843 3286 sunt
866 3242 912 3287 ex
934 3223 1049 3288 studio
1081 3222 1155 3286 eius
1177 3221 1319 3286 intimas
1342 3239 1459 3286 rerum
1483 3239 1568 3285 cau-

415 3346 473 3391 sas
493 3328 733 3409 investigandi
757 3346 801 3392 ao
824 3328 930 3410 plane
953 3327 1178 3391 consentiunt
1200 3344 1281 3391 eum
1304 3345 1356 3407 eo,
1381 3326 1474 3408 quod
1498 3326 1570 3390 sibi

417 3432 460 3495 de
492 3430 655 3496 Caesaris
688 3431 879 3496 ambitione
912 3431 1133 3513 excogitavit
1164 3432 1327 3513 quodque
1358 3430 1459 3494 nobis
1492 3431 1569 3495 iam

415 3554 523 3619 supra
556 3536 592 3600 in
628 3537 721 3600 hello
762 3539 888 3600 eontra
920 3535 1103 3601 Helvetios
1142 3540 1179 3601 et
1210 3535 1427 3600 Ariovistum
1463 3539 1570 3616 gesto

416 3641 557 3724 saepius
591 3641 755 3705 oeeurrit.
809 3639 988 3704 Eiusmodi
1020 3644 1138 3705 autem
1172 3658 1230 3705 res
1261 3640 1405 3704 minime
1435 3638 1571 3705 docent

420 3745 569 3811 Dionem
604 3746 756 3811 alterum
792 3746 925 3809 iontem
958 3744 1160 3808 adhibuisse
1194 3763 1308 3827 neque
1338 3744 1435 3808 aliud
1467 3744 1570 3827 quid-

415 3868 531 3931 quam,
556 3869 624 3933 quo
648 3854 857 3932 argumenta
879 3853 1002 3913 nostra
1020 3850 1249 3916 reffellantur.
1290 3849 1381 3913 Nam
1402 3849 1571 3915 invenire

416 3953 608 4021 Caesarem
640 3956 675 4019 in
708 3955 812 4019 rebus
846 3954 1012 4037 gerendis
1044 3954 1237 4037 praecipue
1272 3954 1386 4036 gloria
1422 3954 1571 4019 ductum

415 4077 503 4143 esse,
534 4061 628 4125 haud
658 4059 800 4124 difficile
834 4065 913 4124 erat
943 4059 985 4141 ei,
1019 4059 1077 4141 qui
1106 4063 1217 4124 totam
1241 4060 1315 4124 eius
1339 4059 1451 4124 vitam
1481 4065 1572 4126 ante

416 4166 535 4230 oeulos
555 4166 704 4231 haberet
721 4164 882 4248 positam.
917 4163 1081 4229 Ceterum
1101 4165 1215 4228 altera
1233 4182 1371 4246 quoque
1391 4164 1435 4228 de
1453 4180 1571 4230 causa

416 4268 471 4355 (ut
483 4270 659 4336 Romanos
670 4255 697 4335 ¹a
710 4268 828 4336 Gallia
846 4268 1002 4350 arceret)
1015 4267 1206 4333 Caesarem
1217 4269 1378 4333 Rhenum
1390 4268 1568 4336 transisse

414 4377 533 4457 refert,
565 4380 669 4441 utne
692 4376 759 4440 Dio
781 4375 922 4458 quidem
950 4374 1032 4438 huie
1061 4374 1113 4437 ius
1143 4378 1426 4457 potestatemque
1450 4378 1572 4439 trans-

414 4481 597 4563 grediendi
621 4480 732 4546 fuisse
756 4483 873 4563 neget.
