3792 5250
971 623 1013 690 62

422 829 498 896 ἰδιδν
520 819 578 896 σόν
599 835 694 897 τοῦτο
717 830 734 896 ὁ
752 835 887 916 Καῖσαρ,
912 836 964 899 καὶ
985 835 1179 920 φοβηθεὶς
1200 830 1260 924 τήν
1281 859 1317 898 τε
1339 830 1440 924 ὁρμήν
1460 831 1576 899 αὐτῶν

422 938 473 1000 καὶ
495 933 532 1000 τό
564 937 705 1028 πλῆθος,
736 939 781 1020 τῷ
802 943 863 1020 μὲν
886 941 974 1022 πεζῷ
995 935 1076 1022 πρός
1105 937 1264 1022 μετέωρόν
1285 963 1316 1003 τι
1338 933 1475 1024 ὥρμησε,
1498 935 1577 1014 τούς

421 1043 458 1104 δέ
480 1041 603 1117 ἱππέας
620 1039 815 1124 προεβάλετο
833 1046 1104 1125 προκινδυνεῦσαί
1122 1063 1241 1130 σφισιν,
1265 1043 1321 1118 ἕως
1339 1039 1374 1107 ἐν
1396 1040 1578 1130 ἐπιτηδείῳ

422 1143 605 1232 παρατάξφ.
650 1157 860 1231 τρεψαμένων
892 1173 927 1213 τε
958 1136 1056 1224 αὖθις
1089 1145 1205 1223 αότοές
1235 1143 1371 1229 ἐκείνων,
1402 1149 1455 1212 καὶ
1493 1133 1581 1231 πρὸς

421 1247 502 1315 αὐτό
523 1248 560 1315 τό
583 1249 697 1336 ἰ’ρθιον
718 1253 831 1334 θυμῷ
860 1263 1094 1338 φερομένων,
1127 1251 1366 1335 ἐπικατέδραμέ
1394 1274 1488 1336 σφισι
1516 1255 1580 1328 ἐξ·

422 1358 575 1443 αίφνής,
605 1357 656 1419 καὶ
679 1351 736 1420 άτε
759 1368 1063 1439 συντεταγμένος
1086 1355 1291 1442 σποράδας
1313 1359 1348 1432 ἐξ
1373 1354 1581 1440 ίπερδεξίων

422 1456 465 1522 οδ
486 1460 661 1540 χαλεπῶς
684 1457 866 1544 (ἐπαίσατο,
889 1480 1010 1545 pugna
1032 1480 1054 1525 a
1077 1462 1235 1526 Labieno
1259 1466 1384 1524 eontra
1402 1460 1582 1525 Venellos

421 1565 534 1628 facta:
573 1564 624 1646 39,
661 1565 713 1645 45,
749 1565 851 1633 5-6:
893 1564 972 1649 πρός
1001 1591 1037 1630 τε
1067 1565 1106 1631 τό
1137 1563 1251 1650 όρθιον
1281 1565 1488 1650 προσήθαλον
1521 1567 1582 1630 καὶ

421 1672 573 1756 σπουδή
607 1677 871 1752 προσανέβαινον,
906 1668 1074 1757 μηδενός
1110 1691 1221 1755 σφισι
1259 1668 1581 1753 ἐναντιουμένου.

422 1770 439 1842 ό
462 1770 521 1857 γάρ
543 1779 679 1857 Σαβῖνος
708 1771 764 1838 οόκ
792 1772 926 1864 ἐκινήθη
957 1777 1035 1858 πρὶν
1056 1773 1144 1851 ἐντός
1171 1778 1225 1866 τής
1247 1774 1446 1860 ἐπικρατείας
1471 1772 1584 1840 αὐτοῦ

419 1875 493 1953 τοδς
536 1878 665 1955 πλειόυς
710 1876 817 1943 αὐτῶν
860 1886 1022 1962 γενέσθαι.
1088 1877 1164 1945 τότε
1198 1883 1236 1946 δὲ
1274 1879 1586 1964 ἐπικατέδραμέ

423 2003 556 2066 σφισιν
592 1981 875 2067 ἁπανταχόθεν
909 1981 989 2068 ἅμα
1025 1983 1340 2077 α’προσδοκήτως,
1380 1986 1444 2050 καὶ
1484 1983 1584 2061 τοδς

422 2087 594 2172 πρώτους
619 2087 812 2180 ἐκπλήξας
838 2088 1030 2180 κατήραξε
1061 2089 1144 2155 κατά
1169 2093 1227 2155 τοῦ
1253 2079 1583 2175 πραναοῦςὶίπαν-

421 2219 500 2276 τας,
533 2192 707 2260 κάιταῦθα
729 2193 844 2272 αότοές
867 2194 902 2259 ἐν
923 2221 961 2282 τῃ
988 2194 1175 2283 άναστροφή
1202 2201 1298 2280 περί
1322 2222 1361 2261 τε
1383 2192 1584 2287 α’λλήλοις

421 2300 474 2363 καὶ
494 2301 571 2386 περὶ
597 2305 661 2376 τοῖς
684 2298 788 2377 ξύλοις
814 2300 1110 2384 σφαλλομένους
1138 2311 1325 2385 κατέκοψεν.
1370 2301 1472 2365 Idem
1495 2319 1583 2386 per-

422 2406 512 2471 tinet
546 2407 592 2470 οδ
624 2407 729 2486 hano,
764 2407 807 2470 de
837 2424 906 2487 qua
927 2407 1031 2470 modo
1055 2406 1202 2488 agimuS,
1235 2407 1496 2489 narrationem;
1530 2408 1582 2473 of.

424 2512 552 2576 verba:
587 2509 896 2594 ἐσκεδασμένους
919 2512 1042 2575 -καὶ
1064 2507 1151 2587 τούς
1174 2508 1348 2594 πρώτους
1370 2508 1584 2602 ἐκπλήξας
1667 2495 1671 2500 ⁸

421 2616 561 2698 ῥαδίως
582 2616 645 2680 καὶ
668 2613 754 2691 τούς
781 2612 940 2691 λοιποδς
970 2614 1011 2680 δι’
1032 2613 1159 2694 αὐτῶν
1185 2614 1343 2681 ἐκείνων
1369 2614 1583 2701 ἐτρέψατο

402 2729 462 2765 “-
496 2728 792 2805 τεταραγμένως
828 2756 871 2767 -
908 2718 1089 2811 α’λλήλοις
1129 2719 1422 2804 ἐμπιπτόντων.
1484 2721 1581 2787 Cum

421 2828 537 2889 antem
561 2825 619 2889 hio
643 2827 719 2891 loeo
744 2826 937 2890 seeundum
956 2826 1228 2890 commentarios
1251 2826 1323 2907 (VI.
1342 2825 1372 2907 8,
1392 2822 1425 2906 6)
1448 2825 1580 2893 hostes

420 2928 457 2991 in
490 2929 601 2994 silvas
633 2929 850 3013 propinquas
881 2930 1029 3011 fugiant,
1060 2931 1155 3013 apud
1187 2931 1337 2995 Dionem
1369 2929 1405 2994 in
1437 2930 1580 2997 flumen

423 3032 613 3114 pelluntur.
659 3034 726 3097 Dio
751 3033 916 3116 quoniam
939 3035 1096 3116 fingendi
1124 3041 1201 3099 arte
1224 3035 1345 3115 fertur,
1377 3034 1476 3099 fonte
1501 3054 1579 3100 om·

422 3139 504 3201 nino
540 3141 703 3221 neglecto
737 3139 782 3218 id,
820 3140 912 3221 quod
940 3140 975 3203 in
1005 3140 1211 3205 memoriam
1247 3143 1405 3220 revocat,
1438 3139 1580 3206 flumen

424 3261 531 3326 prope
563 3245 688 3308 adesse
721 3242 834 3325 (Gaea.
867 3245 925 3309 VI.
951 3245 980 3325 7,
1012 3246 1043 3325 ὓ)
1078 3246 1215 3309 confert
1247 3245 1293 3308 ad
1328 3243 1581 3311 narrationem

421 3352 504 3430 apte
529 3348 798 3415 conficiendam.

528 3451 614 3534 Hoc,
639 3454 731 3535 qnod
753 3454 948 3534 statuimuS,
974 3473 1014 3519 oo
1034 3473 1172 3538 qnoque
1191 3456 1453 3538 comprobatur,
1477 3457 1579 3538 quod

420 3558 531 3621 otiam
566 3559 646 3622 aliis
678 3559 765 3623 loeis
799 3559 862 3622 Dio
895 3561 1129 3624 barbarorum
1163 3579 1319 3643 pugnam
1351 3560 1502 3625 eundem
1539 3563 1579 3627 in

422 3664 563 3728 modum
593 3665 762 3746 depingit,
796 3666 904 3744 velut,
938 3666 996 3728 ubi
1024 3667 1098 3747 agit
1130 3667 1174 3731 de
1197 3667 1407 3731 Parthorum
1434 3668 1580 3749 proelio

419 3768 475 3848 48,
500 3768 552 3849 40,
577 3766 677 3833 2—3:
711 3767 741 3833 οἱ
762 3771 799 3832 δὲ
822 3766 862 3858 δή
885 3767 1019 3852 Πάρθοι
1041 3766 1074 3833 ἐκ
1096 3796 1128 3834 τε
1153 3773 1210 3835 τοῦ
1231 3769 1382 3861 πλήθους
1404 3772 1496 3853 σφῶν
1519 3776 1579 3839 καὶ

420 3870 453 3936 ἐκ
475 3876 541 3937 κου’
567 3882 822 3960 προνενικηκέναι
850 3878 932 3938 ποτὲ
957 3856 1325 3965 καταφρονήσαντες
1352 3875 1434 3962 πρός
1455 3897 1492 3943 τε
1515 3875 1580 3943 τόν

419 3976 556 4067 γήλοφον
578 3973 647 4061 άμα
669 3981 709 4064 τή
724 3980 789 4043 ἕω.
815 4030 821 4044 .
847 4036 853 4048 ,
879 4032 886 4046 .
911 3979 1131 4061 προσέλασαν,
1155 3981 1219 4044 καὶ
1240 3977 1286 4056 οἷς
1307 3977 1436 4057 οόδείς
1458 4004 1579 4066 σφισι

420 4081 671 4170 άντεπεξήει,
713 4086 765 4148 καὶ
801 4082 880 4167 πρός
914 4082 951 4149 τό
987 4082 1101 4170 όρθιου
1137 4082 1218 4150 αὐτό
1249 4085 1462 4169 προσέβαλον.
1519 4091 1579 4153 καὶ

420 4185 535 4265 αότοός
553 4177 702 4253 ἐνταῦθα
721 4188 782 4276 ήδή
800 4187 895 4265 ὄντας
912 4190 943 4254 οἱ
957 4189 1100 4274 Ῥωμαῖοι
1122 4188 1411 4274 ἐπιδραμόντες
1431 4193 1580 4275 ῥαδίως

418 4290 513 4376 πρός
543 4291 585 4357 τό
616 4292 805 4370 κάταντες
831 4292 1019 4380 ἐτρείμαντο.
1064 4297 1117 4359 καὶ
1141 4348 1148 4360 .
1173 4344 1180 4358 .
1205 4349 1212 4362 .
1237 4349 1244 4363 .
1267 4293 1305 4360 τό
1332 4299 1368 4361 δέ
1396 4294 1436 4387 δή
1459 4298 1580 4367 πλεῖοι·

420 4398 459 4464 ἐν
481 4401 525 4484 τή
552 4396 783 4486 ἀναστροφή
806 4401 893 4482 περὶ
917 4396 1119 4489 ἀλλήλους,
1152 4400 1181 4463 οἱ
1206 4406 1279 4483 μὲν
1305 4399 1375 4487 ήδη
1404 4426 1579 4489 τετραμ-

419 4508 539 4590 μένοι,
562 4503 592 4568 οἱ
614 4507 654 4569 δὲ
676 4506 732 4569 ἔτι
755 4501 1002 4590 προσιόντες,
1025 4503 1229 4593 ἐσφάλήσαν;
1253 4511 1287 4571 et
1310 4505 1363 4588 49,
1386 4504 1439 4589 20,
1465 4508 1578 4582 1—2:
