3792 5250
951 634 995 707 28

869 728 1077 741 ——Q

402 848 560 916 indicere
582 850 751 917 volebant
758 874 766 935 3
790 849 925 933 quade
947 867 987 914 re
1011 849 1056 931 id,
1081 847 1173 931 quod
1196 848 1241 916 M.
1258 847 1354 928 dicit,
1377 846 1454 912 fieri
1475 865 1546 912 non

403 955 569 1039 potuisse,
593 960 632 1020 ut
654 956 736 1020 illae
759 959 883 1038 gentes
907 954 1025 1037 ignoto
1047 954 1188 1018 homine
1211 952 1368 1016 Romano
1400 956 1547 1017 auctore

403 1059 645 1141 convenirent,
678 1059 771 1124 ultro
804 1058 849 1124 ad
882 1059 1019 1123 irritum
1052 1058 1159 1123 cadit.
1204 1057 1271 1122 Dio
1303 1061 1422 1122 autem
1455 1057 1547 1120 solos

402 1165 543 1229 Aeduos
565 1164 815 1248 Sequanosque
838 1165 942 1229 affert
965 1163 1110 1242 idcirca,
1134 1162 1227 1245 quod
1249 1162 1318 1226 hae
1336 1165 1459 1244 gentes
1477 1161 1547 1225 hac

402 1267 439 1333 in
461 1287 501 1334 re
523 1269 656 1352 primas
679 1267 936 1351 quodammodo
960 1270 1083 1332 tenent
1105 1271 1235 1349 partes.

514 1374 550 1440 Si
580 1374 732 1457 denique
763 1373 947 1438 fatendum
981 1376 1035 1437 est
1057 1372 1207 1437 Dionem
1238 1371 1370 1438 verbis:
1401 1379 1548 1454 μετεπέμ

402 1488 490 1562 quaro
512 1474 614 1543 αὐτὸν
639 1474 680 1554 ὣς
702 1478 754 1542 καὶ
777 1476 993 1566 διαλεχθῆναί
1009 1500 1041 1540 τι
1063 1473 1152 1558 αὐτῷ
1173 1472 1321 1559 δεόμενος
1344 1474 1408 1556 (38,
1433 1475 1484 1557 34,
1508 1475 1545 1559 4)

402 1601 503 1648 usum
526 1600 601 1649 rem
625 1582 740 1648 minus
764 1582 952 1665 diligenter
983 1581 1181 1664 tradidisse,
1214 1600 1323 1647 causa
1355 1582 1447 1647 haec
1478 1586 1546 1651 est:

403 1687 470 1752 Dio
502 1684 675 1752 Ariovisti
705 1703 912 1770 responsum
948 1687 1128 1770 singulare
1159 1686 1354 1768 mirumque
1386 1690 1422 1751 et
1453 1687 1546 1751 ultro

401 1792 593 1857 memoriae
616 1791 820 1859 inhaerens:
845 1790 891 1872 ,Si
914 1792 998 1874 quid
1020 1792 1087 1875 ipsi
1110 1809 1132 1855 a
1155 1790 1310 1856 Caesare
1333 1809 1419 1875 opus
1443 1796 1546 1871 esset,

401 1914 479 1963 sose
501 1898 548 1962 ad
571 1915 650 1961 eum
673 1904 861 1962 venturum
880 1897 997 1977 fuisse,
1021 1897 1050 1961 si
1074 1895 1157 1979 quid
1179 1897 1240 1962 ille
1259 1897 1356 1977 velit,
1380 1896 1477 1960 illum
1497 1898 1543 1961 ad

401 2021 440 2067 se
470 2001 595 2067 venire
630 2004 804 2085 oportere‘
836 1999 955 2086 (Caes.
990 2001 1017 2082 Ι,
1050 2001 1102 2081 34,
1134 1999 1182 2086 2),
1215 2001 1307 2084 quod
1339 2018 1547 2083 responsum

402 2108 526 2172 eodem
561 2107 664 2171 modo
698 2125 720 2170 a
752 2107 866 2172 Dione
897 2107 1050 2171 traditur
1081 2105 1150 2190 (38,
1173 2105 1226 2186 34,
1249 2105 1297 2190 4),
1330 2110 1365 2172 61
1398 2126 1443 2171 ex
1478 2126 1563 2189 quo·

404 2211 511 2277 facile
535 2211 654 2294 colligi
676 2215 793 2294 potest
816 2211 1032 2276 Ariovistum
1055 2229 1077 2275 a
1101 2209 1255 2276 Caesare
1283 2211 1319 2274 in
1342 2211 1550 2276 666166116-

402 2333 509 2381 mana
532 2320 700 2380 vocatum
724 2334 810 2397 esse,
835 2316 964 2381 ceteris
987 2316 1160 2398 neglectis
1182 2317 1219 2380 in
1241 2316 1412 2381 memoria
1435 2317 1549 2381 tenuit

403 2425 439 2486 61
461 2421 556 2486 hunc
578 2420 615 2484 in
638 2421 778 2486 modum
801 2421 1056 2504 interpretatus
1079 2425 1144 2486 661.

508 2525 585 2592 Η66
608 2544 746 2608 quoque
769 2526 847 2591 loco
871 2526 1014 2590 Florum
1037 2531 1073 2591 et
1095 2526 1246 2590 Dionem
1274 2525 1367 2590 inter
1397 2545 1435 2590 se
1467 2544 1548 2591 con·-

404 2632 545 2711 sentire,
578 2631 764 2697 dissentire
797 2649 819 2695 a
851 2631 1115 2696 commentariis
1147 2632 1331 2697 Schwartz
1364 2630 1415 2715 (ρ.
1444 2631 1546 2717 1700)

402 2737 536 2801 6161611.
607 2736 779 2820 Equidem
814 2756 889 2802 rem
925 2737 978 2801 sic
1015 2756 1053 2801 se
1089 2737 1223 2802 habere
1261 2755 1331 2801 non
1369 2737 1548 2820 intellego.

401 2841 497 2905 Flori
521 2842 614 2906 enim
637 2842 757 2906 verbis
781 2839 988 2926 (Ι,45,11);
1013 2842 1107 2921 ,veni
1130 2827 1176 2905 ad
1200 2840 1402 2907 Caesarem‘
1424 2860 1547 2906 secun-

404 2947 487 3011 dum
511 2946 627 3030 operis
649 2950 815 3011 naturam
838 2946 943 3010 latius
967 2946 1171 3029 patentibus
1192 2946 1260 3010 hoc
1283 2964 1421 3029 quoque
1444 2933 1551 3029 signi-⁶

404 3052 548 3117 ficatur:
572 3050 661 3115 Veni
685 3051 731 3115 ad
754 3051 870 3115 locum
893 3052 1070 3133 quendam
1094 3051 1321 3116 constitutum
1339 3069 1361 3115 a
1380 3050 1547 3116 Caesare.

402 3156 561 3236 Accedit,
585 3159 623 3219 61
642 3154 775 3220 Caesar
796 3154 882 3239 ipse,
905 3156 966 3219 uloi
987 3156 1097 3221 refert
1112 3116 1346 3221 'denriovisti
1367 3175 1548 3240 responso,

403 3260 499 3324 dicat
521 3260 616 3325 hunc
638 3260 705 3324 sibi
728 3261 918 3341 nuntiasse,
951 3262 981 3325 si
1012 3261 1095 3344 quid
1130 3260 1197 3343 ipsi
1228 3279 1250 3324 a
1274 3259 1428 3326 Caesare
1460 3281 1549 3345 opus

403 3370 506 3445 esset,
538 3383 630 3430 sose
663 3365 713 3429 ad
746 3384 834 3430 eum
869 3369 1095 3429 venturum
1128 3364 1262 3429 fuisse
1286 3365 1330 3449 (Ι,
1354 3366 1406 3443 34,
1428 3364 1476 3451 2),
1509 3372 1549 3431 61

402 3470 494 3536 inter
534 3469 677 3535 Florum
716 3475 751 3535 et
793 3470 1064 3535 commentarios
1113 3470 1220 3535 etiam
1252 3470 1366 3535 minus
1409 3471 1550 3537 intersit

404 3593 511 3658 quam
533 3575 626 3640 inter
648 3574 711 3639 hos
733 3580 769 3641 et
791 3575 952 3640 Dionem.
998 3576 1122 3640 Altera
1154 3574 1189 3637 16
1221 3578 1325 3657 parte
1357 3595 1377 3640 e
1409 3576 1547 3643 verbis:

401 3679 599 3744 iustissimis
630 3679 772 3762 quidem
804 3699 849 3744 ex
882 3679 999 3744 causis
1032 3676 1140 3763 (Flor.
1164 3679 1267 3759 1,45,
1291 3680 1349 3763 10)
1385 3700 1428 3747 66
1451 3680 1549 3747 Flori

401 3784 577 3849 sententia
600 3784 747 3866 cogitur,
770 3803 862 3867 quae
884 3784 981 3850 nullo
1004 3782 1108 3847 modo
1132 3788 1305 3865 congruat
1325 3804 1406 3850 eum
1432 3786 1549 3853 Dione

402 3887 464 3973 (cs.
487 3906 596 3972 supra
618 3908 651 3972 p.
675 3888 727 3972 27,
751 3894 786 3954 61
810 3909 901 3973 quae
924 3890 1147 3974 sequuntur.)

506 3994 608 4076 Quod
640 3994 707 4059 Dio
741 3993 904 4060 Caesaris
939 3994 1167 4078 postulationi
1200 3995 1360 4078 adiungit
1392 3994 1461 4082 (38,
1494 3996 1548 4080 34,

403 4098 455 4183 6);
491 4100 596 4164 ταῦτα
625 4102 645 4164 d
671 4096 811 4184 ἔπραξεν
838 4098 895 4183 οὐχ
922 4096 970 4164 ὅτι
998 4101 1051 4164 καὶ
1082 4097 1302 4191 καταπλήξειν
1338 4098 1449 4184 αὐτόν,
1486 4099 1550 4168 ἄλλ

401 4199 449 4268 ὅτι
471 4202 620 4288 ε’ξοργιεῖν
641 4202 700 4268 κᾰκ
722 4202 839 4270 τούτου
869 4202 1034 4290 πρόφασιν
1060 4207 1118 4268 τοῦ
1149 4205 1294 4288 πολέμου
1323 4207 1377 4271 καὶ
1407 4204 1550 4295 μεγάλην

402 4311 455 4373 καὶ
477 4306 626 4400 εὐπρεπῆ
648 4309 818 4400 λήψεσθαι
840 4308 986 4401 ήλπισεν.
1010 4306 1091 4394 ὅπερ
1114 4308 1239 4392 ἒγ16666
1263 4316 1428 4393 quartum
1453 4313 1548 4379 idem

403 4419 465 4495 est,
489 4415 581 4497 quod
605 4420 712 4480 antea
734 4415 924 4480 identidem
951 4416 995 4478 de
1011 4434 1073 4479 suo
1088 4416 1308 4498 repetiverat
1323 4417 1367 4481 de
1384 4417 1548 4483 Caesaris

401 4519 498 4584 bella
516 4519 694 4584 conflandi
712 4519 836 4587 studio.
873 4520 998 4585 Nonne
1017 4538 1077 4584 ex:
1102 4515 1183 4603 ὅπερ
1201 4515 1322 4603 ἐγένετο
1340 4522 1415 4588 fore
1432 4523 1548 4589 elatus
