3792 5250
951 628 994 696 52

401 839 591 906 Caesarem
615 841 659 905 de
682 841 797 905 altera
819 840 906 904 nihil
929 840 999 905 iam
1023 838 1192 919 inveniat,
1223 856 1302 904 eam
1325 856 1463 920 quoque
1487 838 1547 902 ad-

400 946 603 1010 venientem
626 945 929 1027 proeliantemque
953 944 1088 1009 inducit
1111 942 1180 1028 (ol,
1205 941 1252 1028 3).

506 1067 573 1131 Dio
593 1086 673 1133 cum
691 1069 796 1132 aliter
814 1071 921 1149 atque
935 1066 1069 1132 Caesar
1084 1067 1203 1131 tradat
1220 1065 1288 1151 (bl,
1304 1064 1342 1150 3)
1357 1063 1549 1129 Britannos

384 1173 555 1251 xMorinos
577 1173 763 1236 nonnullos
782 1172 828 1235 ad
847 1171 1039 1237 Caesarem
1062 1173 1200 1255 legatos
1218 1169 1364 1250 misisse,
1387 1170 1434 1250 id,
1453 1170 1549 1251 qued

402 1279 470 1342 hac
494 1278 600 1343 dere
623 1278 659 1342 in
683 1277 946 1342 commentariis
976 1278 1114 1359 legerat
1142 1276 1217 1362 (IV.
1240 1274 1293 1356 27,
1318 1274 1354 1361 1)
1387 1275 1549 1338 commis-

402 1383 474 1448 cuit
497 1401 576 1447 cum
600 1401 641 1448 eo
665 1384 754 1464 loce,
784 1383 843 1447 ubi
866 1381 1000 1447 Caesar
1024 1383 1238 1446 Morinorum
1267 1383 1405 1463 legatos
1433 1380 1480 1443 ad
1508 1399 1550 1444 se

402 1488 544 1553 venisse
568 1492 693 1552 narrat
715 1486 790 1572 (IV.
815 1485 867 1570 22,
892 1486 938 1571 1.)

507 1681 536 1727 c.
565 1661 617 1729 52.
664 1661 750 1727 Cum
785 1661 918 1728 Caesar
951 1663 1058 1745 plane
1095 1660 1192 1725 dicat
1225 1678 1333 1723 unam
1370 1659 1551 1741 legionem

403 1769 656 1832 frumentatum
680 1786 757 1832 esse
779 1768 924 1831 missam
948 1764 1023 1850 (IV.
1048 1764 1100 1849 32,
1124 1766 1171 1850 1),
1204 1763 1269 1829 Dio
1293 1764 1551 1829 consuetudine

403 1892 467 1937 sua
495 1873 614 1953 verbo,
649 1873 742 1956 quod
770 1873 875 1937 latius
902 1876 1012 1956 patet,
1044 1896 1126 1946 τινες
1154 1872 1271 1935 utitur.
1317 1870 1391 1934 Etsi
1419 1870 1551 1934 deinde

401 1979 437 2042 in
460 1996 580 2062 pugna
603 1978 780 2061 descripta
799 1997 843 2043 ex
864 1978 948 2060 ipsis
968 1977 1230 2042 commentariis
1253 1975 1415 2040 similiter
1438 1980 1550 2057 atque

402 2084 481 2147 aliis
503 2084 673 2149 eiusmodi
695 2083 782 2147 loeis
805 2084 912 2148 facile
936 2101 1132 2164 cognoscas
1154 2081 1391 2146 Romanorum
1414 2097 1489 2146 rem
1514 2080 1551 2144 in

403 2207 537 2253 summo
583 2188 690 2254 fuisse
734 2188 936 2253 discrimine
977 2206 1107 2270 eosque
1148 2205 1223 2252 rem
1263 2187 1356 2250 male
1397 2186 1552 2267 gessisse

404 2293 461 2375 (ef.
486 2292 585 2363 Caes.
610 2294 668 2361 IV.
693 2292 744 2374 32,
772 2292 792 2358 3
817 2312 906 2376 squ:
939 2301 1021 2357 s'uos
1045 2292 1090 2356 ab
1118 2292 1276 2356 hostibus
1304 2291 1418 2375 premi
1441 2294 1552 2373 atque

403 2416 511 2480 aegre
534 2398 707 2463 sustinere
727 2435 767 2445 —
786 2399 820 2462 4:
845 2417 890 2462 ex
913 2397 1073 2462 omnibus
1097 2397 1257 2480 partibus
1279 2397 1353 2461 tela
1375 2395 1494 2462 conici
1510 2434 1550 2443 —

405 2503 439 2572 5:
474 2502 642 2587 depositis
665 2503 773 2567 armis
801 2503 836 2566 in
868 2503 1033 2568 metendo
1063 2507 1255 2585 occupatos
1285 2501 1399 2565 subito
1432 2501 1552 2567 adorti

403 2608 527 2692 paucis
556 2608 753 2674 interfectis
789 2609 942 2691 reliquos
974 2608 1119 2673 incertis
1153 2607 1333 2672 ordinibus
1364 2608 1550 2690 perturba-

404 2717 533 2779 verant
557 2762 563 2776 .
589 2762 596 2777 .
620 2763 627 2778 .
654 2763 660 2777 .
685 2714 994 2778 circumdederant
1008 2751 1049 2760 —
1072 2713 1130 2777 IV.
1150 2712 1203 2793 34,
1225 2713 1258 2779 1:
1292 2712 1417 2794 quibus
1441 2712 1550 2776 rebus

403 2818 619 2901 perturbatis
642 2818 771 2882 nestris
796 2855 836 2864 -
860 2818 985 2881 timore
1012 2854 1056 2864 -
1088 2816 1221 2882 Caesar
1244 2816 1376 2880 auxilio
1400 2816 1552 2880 veniens

403 2923 489 2987 satis
512 2924 621 2989 habet
647 2941 684 2987 se
714 2941 775 2986 suo
803 2924 881 2986 loco
909 2922 1093 3002 sustinere,
1127 2922 1299 3006 proelium
1327 2922 1551 2987 committere

403 3047 473 3092 non
497 3046 602 3092 ausus
624 3027 661 3091 in
685 3031 805 3092 castra
823 3045 861 3091 se
882 3026 1046 3111 recepit),
1070 3026 1137 3091 Dic
1159 3030 1348 3110 praeterea
1370 3044 1468 3090 more
1483 3044 1552 3091 suo

403 3151 478 3198 rem
506 3132 665 3197 oratione
692 3132 728 3196 in
756 3132 869 3196 maius
899 3132 1035 3196 extulit.
1081 3131 1186 3195 Falso
1210 3132 1276 3195 Dio
1301 3131 1409 3196 tradit
1432 3130 1553 3196 hostes

405 3241 524 3302 castra
547 3237 634 3320 ipsa,
663 3255 754 3319 quae
782 3240 1002 3319 quantopere
1029 3237 1177 3301 fuissent
1204 3236 1419 3300 communita
1442 3238 1552 3318 paulo

405 3348 489 3407 ante
522 3340 591 3424 (52,
625 3341 660 3424 2)
694 3341 769 3424 ipse
807 3342 957 3421 dixerat,
993 3359 1179 3423 aggressos
1215 3360 1302 3406 esse.
1365 3342 1468 3405 Hanc
1505 3343 1553 3405 ad

405 3465 479 3512 rem
519 3447 693 3511 adductus
734 3453 787 3510 est
820 3465 993 3529 perversa
1030 3446 1323 3529 interpretatione
1358 3447 1552 3512 verborum

405 3551 582 3617 Caesaris:
608 3552 665 3634 ‚ad
688 3557 808 3616 castra
830 3555 1017 3616 venerunt‘
1041 3549 1218 3637 (barbari)
1244 3549 1318 3636 (IV.
1343 3550 1394 3632 34,
1418 3552 1465 3635 5).

509 3672 629 3736 'Dionis
652 3673 779 3738 verba:
812 3668 851 3736 οὐ
876 3672 985 3754 μέντοι
1014 3674 1065 3736 καὶ
1092 3670 1123 3747 ἐς
1145 3670 1315 3755 ὁ,ιιολογίαν
1341 3661 1446 3763 ἦλθον
1474 3675 1555 3755 πρὶν

404 3775 560 3853 πολλάκις
582 3778 742 3863 σφαλῆναι
768 3775 836 3862 (52,
860 3776 896 3861 2)
920 3781 1002 3841 sunt
1024 3782 1096 3842 tam
1121 3778 1259 3843 incerta
1281 3783 1424 3861 tamque
1442 3796 1553 3861 vaga,

405 3888 452 3963 ut,
475 3882 558 3965 quid
581 3882 632 3948 eis
655 3884 766 3947 vellet
788 3883 1000 3965 significare,
1025 3903 1069 3947 ne
1092 3883 1167 3966 ipse
1187 3884 1328 3966 quidem
1347 3883 1496 3949 scivisse
1515 3890 1555 3951 et

405 3988 508 4051 modo
541 3986 714 4052 rationem
749 3988 925 4070 quendam
959 3987 1005 4051 ad
1034 3989 1233 4070 proximum
1266 3987 1555 4071 transgrediendi

405 4096 630 4157 consectatus
650 4110 727 4157 esse
741 4092 916 4161 videatur.
946 4092 1146 4157 Secundum
1165 4094 1259 4158 enim
1278 4094 1555 4157 commentarios

407 4198 477 4280 (IV.
501 4195 553 4278 36,
577 4198 610 4277 1)
642 4196 804 4263 Britanni
836 4197 1006 4262 miserunt
1039 4199 1177 4280 legatos
1205 4198 1329 4264 eodem
1356 4198 1413 4263 die
1444 4198 1555 4263 nullis

406 4303 484 4367 aliis
504 4302 664 4369 cladibus
684 4302 852 4385 acceptis.
899 4303 953 4366 Ex
973 4321 1014 4366 eo
1034 4322 1172 4386 quoque
1192 4322 1386 4386 cognoscas
1401 4302 1555 4369 Dionem

405 4409 585 4473 rhetorum
617 4409 819 4492 praeceptis
851 4409 995 4472 ductum
1025 4408 1206 4474 Gallorum
1234 4428 1304 4473 uon
1333 4410 1455 4491 solum,
1488 4413 1555 4476 sed

405 4512 569 4579 Caesaris
591 4533 729 4598 quoque
752 4531 810 4579 res
832 4518 952 4597 gestas
976 4514 1133 4579 oratione
1160 4516 1312 4585 auxisse.
