3792 5250
374 843 494 925 tradit,
531 863 576 909 ne
614 844 768 909 animum
801 850 965 915 mutaret.
1021 846 1177 912 Similem
1213 845 1341 910 deinde
1376 863 1522 910 causam

374 950 629 1015 consuetudine
661 968 725 1014 sua
756 953 869 1033 affert,
903 970 967 1016 cur
995 951 1128 1018 Caesar
1160 951 1335 1015 sociorum
1367 951 1522 1034 ipsorum

374 1055 528 1138 equitem
558 1056 735 1137 quendam
764 1055 913 1121 miserit:
958 1053 1017 1147 τήν
1039 1059 1076 1120 δὲ
1098 1054 1264 1121 διάλεκτον
1286 1052 1393 1120 αὐτῶν
1413 1053 1523 1120 εἰδότα

372 1161 427 1224 καὶ
449 1162 489 1246 τῇ
510 1159 609 1246 στολῇ
628 1161 669 1246 τῇ
696 1158 822 1224 ἐκείνων
844 1167 1069 1226 σκευασθέντα
1098 1163 1141 1243 (b,
1171 1159 1214 1240 2).
1246 1198 1284 1208 -
1318 1161 1420 1242 Quod
1443 1160 1521 1241 Di0‚

374 1265 411 1329 id
435 1265 527 1346 quod
556 1266 650 1348 apud
673 1264 863 1331 Caesarem
892 1266 1063 1349 scriptum
1091 1285 1162 1330 non
1189 1269 1252 1347 est,
1280 1267 1401 1346 refert,
1436 1263 1521 1330 Cae-

374 1388 491 1435 sarem
516 1370 681 1453 alioquin,
713 1371 742 1435 si
766 1372 858 1453 quod
881 1372 1010 1436 secreti
1033 1389 1098 1454 per
1121 1371 1243 1435 literas
1267 1371 1432 1454 cuiquam
1455 1370 1522 1452 sig-

374 1476 547 1556 nificaret,
585 1481 750 1558 quartum
787 1494 927 1560 semper
964 1477 1086 1542 ordine
1122 1479 1335 1542 elementum
1369 1493 1433 1559 pro
1470 1494 1522 1556 eo,

375 1580 469 1663 quod
492 1579 599 1643 scribi
627 1580 791 1662 debebat,
821 1582 1048 1663 expressisse,
1077 1581 1145 1645 hoc
1169 1600 1189 1646 e
1212 1579 1376 1645 Suetonio
1407 1579 1521 1661 (Caes.

375 1704 406 1750 c.
436 1683 494 1769 bt)
530 1690 706 1767 sumptum
741 1704 817 1750 esse
849 1686 920 1749 iam
952 1686 1153 1767 Jelgersma
1187 1686 1340 1751 ostendit
1372 1685 1421 1768 (p.
1451 1685 1520 1764 13).

374 1790 471 1855 Fieri
493 1785 608 1872 paene
631 1808 701 1853 non
725 1791 847 1872 potuit,
877 1791 961 1874 quin
985 1791 1051 1854 Dio
1075 1792 1187 1856 mirae
1217 1791 1317 1855 huius
1341 1791 1394 1855 rei
1416 1790 1522 1854 facile

374 1895 411 1958 in
434 1895 605 1959 memoria
626 1895 806 1959 haerentis
830 1897 1018 1960 occasione
1042 1896 1162 1960 oblata
1185 1895 1411 1960 meminisset.
1441 1894 1521 1960 Sue·

374 2000 490 2063 tonius
506 2003 635 2081 autem,
655 2000 784 2082 quippe
804 2001 863 2082 qui
879 2001 1083 2065 continuam
1101 2001 1185 2066 belli
1200 2000 1322 2082 gallici
1340 2000 1521 2064 historiam

375 2122 445 2168 non
469 2096 731 2187 conscripserit,
754 2106 855 2169 nobis
878 2107 974 2169 nullo
998 2123 1143 2170 numero
1168 2109 1231 2171 est.

480 2227 510 2274 c.
545 2210 596 2274 10.
653 2209 730 2273 Hoc
768 2230 813 2275 ex
851 2211 970 2292 capite
1004 2211 1158 2276 maxime
1194 2210 1420 2294 perspicuum
1456 2214 1518 2291 est,

376 2317 597 2397 quantopere
608 2312 671 2377 Dio
682 2333 792 2396 saepe
807 2314 998 2396 levissima,
1015 2335 1121 2398 quam
1133 2315 1379 2380 commentarii
1394 2316 1522 2380 afferre

376 2419 410 2483 ei
437 2419 613 2498 videntur,
646 2419 834 2484 occasione
861 2425 991 2502 utatur,
1024 2424 1062 2484 ut
1089 2438 1153 2504 pro
1182 2420 1334 2502 simplici
1358 2419 1521 2485 Caesaris

375 2523 581 2588 narratione
606 2523 745 2605 singula
772 2529 1016 2607 persequatur,
1045 2544 1136 2607 quae
1156 2544 1366 2607 quacunque
1382 2525 1521 2589 ratione

375 2634 549 2694 exornata
572 2628 686 2710 magis
710 2636 795 2711 apta
819 2630 889 2693 sint
911 2631 956 2693 ad
981 2632 1117 2694 animos
1140 2631 1381 2696 delectandos.
1427 2629 1522 2693 Nihil

376 2752 507 2814 eorum,
541 2752 632 2817 quae
664 2735 759 2817 apud
788 2736 938 2800 Dionem
971 2736 1171 2801 invenimus
1194 2735 1384 2801 Caesarem
1415 2739 1523 2799 noctu

375 2839 445 2905 iter
467 2839 602 2919 fecisse,
627 2840 779 2904 interdiu
803 2842 839 2904 in
862 2842 1020 2905 obscuris
1040 2842 1180 2904 omnino
1204 2842 1291 2904 locis
1314 2841 1522 2922 subsedisse,

375 2951 415 3010 ut
436 2946 496 3010 vel
519 2944 674 3009 maxime
688 2945 950 3027 inopinantibus
974 2947 1131 3010 hostibus
1154 2947 1412 3030 superveniret,
1437 2946 1521 3028 legi-

377 3069 454 3114 mus
477 3050 514 3113 in
537 3051 817 3132 commentariis3
850 3050 918 3132 hic,
947 3052 1039 3133 quod
1068 3053 1119 3115 illi
1142 3053 1194 3116 rei
1216 3054 1277 3116 vel
1305 3052 1522 3116 contrarium

376 3160 440 3235 est,
474 3154 664 3219 Caesarem
687 3155 775 3219 hora
798 3155 942 3220 circiter
965 3156 1071 3220 tertia
1094 3158 1139 3220 ab
1168 3157 1454 3221 antecursoribus
1478 3156 1522 3221 de

377 3260 496 3326 Crassi
520 3260 678 3325 adventu
710 3260 898 3325 certiorem
921 3262 1055 3325 factum
1084 3280 1125 3325 eo
1149 3262 1206 3326 die
1235 3262 1333 3325 milia
1355 3279 1522 3344 passuum

376 3366 446 3430 XX
474 3365 688 3447 processisse
716 3366 884 3448 scriptum
916 3372 970 3429 est
1004 3366 1060 3448 (V.
1085 3365 1138 3447 47,
1163 3367 1209 3452 1).
1255 3366 1377 3448 Neque
1409 3367 1522 3448 magis

376 3472 491 3553 ipsum
526 3487 590 3552 per
621 3489 659 3535 se
693 3470 885 3535 verisimile
909 3475 962 3535 est
991 3469 1181 3536 Caesarem
1215 3475 1426 3535 nocturnum
1458 3488 1523 3552 per

377 3575 515 3657 ignotos
542 3574 694 3638 hostium
722 3576 809 3640 fines
838 3574 1065 3640 iter'fccissc.
1111 3575 1176 3639 Dio
1199 3593 1263 3657 pro
1287 3575 1435 3640 levitate
1459 3593 1522 3638 sua

378 3681 506 3746 verba:
531 3680 635 3760 ,hunc
649 3681 826 3761 admonet,
851 3685 889 3745 ut
912 3685 1017 3745 caute
1040 3680 1298 3763 diligenterque
1317 3681 1384 3743 iter
1400 3680 1522 3744 faciat‘

378 3786 432 3866 (V.
455 3784 508 3865 49,
537 3785 569 3866 3)
601 3786 779 3867 pertinere
813 3787 858 3850 ad
887 3784 1078 3850 Caesarem
1111 3787 1453 3869 appropinquantem
1487 3789 1522 3849 ct

377 3890 618 3954 cautissimum
650 3890 814 3971 idemque
842 3890 1061 3974 aptissimum
1090 3891 1136 3955 ad
1165 3891 1301 3954 animos
1329 3890 1521 3973 legentium

378 3994 585 4058 alliciendos
615 3994 682 4058 iter
710 4013 787 4059 esse
818 4000 1029 4060 nocturnum
1057 3999 1156 4059 ratus
1178 4013 1253 4059 rem
1277 3996 1327 4059 ita
1351 3994 1521 4077 depinxit.

377 4098 548 4163 Nimirum
570 4099 632 4162 illa
656 4103 830 4163 nocturna
853 4099 982 4164 itinera
1005 4100 1225 4183 aliquantum
1249 4099 1417 4181 temporis
1440 4100 1521 4163 effu-

377 4212 506 4287 gerunt
524 4203 740 4285 obsidentes;
765 4205 823 4285 qui
840 4204 1030 4269 Caesarem
1044 4204 1332 4288 appropinquare
1351 4204 1522 4268 docentur

377 4326 417 4372 re
439 4325 509 4370 non
533 4308 647 4372 minus
676 4309 775 4389 mira,
811 4309 1068 4392 oppidanorum
1096 4309 1248 4390 laetitia;
1283 4326 1374 4389 quae
1398 4308 1463 4371 etsi
1485 4308 1522 4370 in

378 4413 641 4477 commentariis
669 4432 806 4496 quoque
834 4414 1009 4496 reperitur
1039 4414 1096 4500 (V.
1120 4414 1172 4493 la,
1196 4413 1244 4496 9),
1278 4432 1300 4476 a
1324 4413 1437 4476 Dione
1465 4413 1522 4477 de·

377 4517 606 4582 lectationem
639 4519 831 4601 legentium
863 4524 1025 4585 sectante
1058 4520 1104 4583 ad
1136 4518 1372 4582 declarandas
1403 4536 1521 4581 rerum
