3792 5250
935 658 993 725 ,66

870 749 1077 758 ——-—

397 864 531 931 cientes
563 883 639 930 rem
671 865 763 930 benc
794 871 939 948 gerunt,
971 867 1038 932 Dio
1073 867 1359 932 convenientiam
1393 886 1474 933 cum
1506 887 1551 934 re

396 974 568 1057 appetens
587 970 655 1034 hoc
673 973 906 1037 commutavit
928 971 988 1057 (eo
1008 973 1133 1055 magis,
1156 971 1549 1058 quod(vss.26,1-2)

396 1075 440 1140 de
464 1074 647 1140 Gallorum
680 1076 827 1140 oonsilio
861 1078 1000 1159 legerat
1028 1082 1135 1143 noctu
1164 1077 1279 1141 subito
1308 1079 1549 1164 erumpendi),

395 1179 518 1244 Dionis
543 1181 669 1246 verba:
694 1177 752 1257 τοὶς
774 1170 831 1248 οὖν
852 1179 978 1265 νύκτας,
1003 1180 1103 1247 ὁπότε
1124 1178 1240 1266 χειμών
1261 1181 1310 1269 εἴη
1330 1181 1466 1268 νοτερός,
1487 1181 1552 1259 τας

394 1288 455 1368 μὲν
477 1281 626 1362 ἐπάλξεις
648 1282 829 1352 α’πέλειπον
847 1286 927 1372 (ΙΙΙ.
941 1286 993 1372 21,
1007 1287 1046 1374 4)
1070 1287 1134 1351 Dio
1157 1286 1208 1352 ita
1231 1288 1357 1369 reddit,
1380 1293 1428 1370 ut,
1452 1307 1549 1371 quae

395 1390 489 1471 apud
513 1389 758 1471 Thucydidem
782 1392 1004 1475 aliquantum
1036 1394 1205 1476 temporis
1229 1393 1304 1457 fieri
1328 1394 1476 1474 solebat,
1509 1395 1550 1458 id

394 1499 492 1558 certo
517 1495 573 1559 die
598 1495 731 1559 factum
755 1514 832 1561 esse
855 1497 989 1562 tradat:
1014 1495 1261 1580 ,Tempestatis
1285 1495 1322 1560 vi
1345 1496 1462 1561 coacti
1486 1497 1550 1560 ob-

393 1597 551 1663 sidentes
574 1599 611 1662 iu
634 1600 788 1663 tentoria
810 1619 848 1665 se
870 1606 1082 1683 receperunt
1111 1600 1226 1686 (cuius
1248 1600 1301 1664 rei
1323 1599 1411 1664 nihil
1434 1601 1551 1684 scrip-

402 1705 476 1765 tum
500 1706 553 1767 est
577 1703 671 1786 apud
695 1703 924 1791 Caesarem)‘.
966 1704 1053 1770 Cum
1077 1710 1195 1769 autem
1223 1705 1282 1769 hic
1311 1705 1415 1769 aliter
1438 1709 1553 1788 atque

396 1807 493 1888 apud
518 1807 762 1888 Thucydidem
787 1808 936 1892 impetus
959 1811 1021 1873 fiat
1053 1809 1089 1873 in
1112 1810 1320 1890 obsessos,
1353 1808 1466 1890 Dioni,
1502 1830 1553 1876 ne

396 1913 526 1976 ceteris
558 1911 798 1993 Thucydideis
838 1914 1018 1997 excerptis
1053 1918 1190 1994 careat,
1233 1913 1435 1978 addendum
1469 1919 1549 1983 est:

394 2015 532 2096 ,Hostes
566 2035 703 2100 quoque
741 2019 857 2082 coacti
894 2023 994 2100 sunt,
1036 2037 1074 2083 se
1105 2019 1285 2101 recipere‘.
1340 2018 1384 2082 Et
1413 2017 1551 2086 deinde

396 2121 537 2184 omniuo
561 2122 718 2205 sequitur
736 2122 996 2204 Thucydidem:
1020 2120 1238 2187 α’πολθόιπον
1258 2119 1317 2205 yolo
1340 2118 1448 2187 αὐτῶν
1469 2119 1548 2189 α’πιλ

395 2227 459 2289 τῶν
480 2223 647 2302 ἐπάλξεων
668 2226 763 2292 idem
787 2231 840 2291 est
858 2216 966 2310 atque
989 2246 1113 2312 supra;
1138 2227 1198 2309 eis,
1218 2245 1310 2310 quae
1331 2231 1549 2309 sequuntur:

394 2328 424 2393 οἱ
436 2326 579 2413 Ῥωμαῖοι
601 2331 802 2415 προσέβαλον
825 2329 975 2419 ἐξαίφνης
996 2329 1107 2408 αὐταῖς
1124 2337 1210 2414 (ταῖς
1226 2329 1397 2412 ἐπάλξεσι)
1415 2328 1552 2420 ἐρήμοις

393 2432 519 2516 ἀνδρῶν
539 2433 649 2512 οὔσαις
670 2438 885 2520 respondent
909 2439 1002 2522 apud
1026 2437 1285 2519 Thucydidem:
1322 2445 1547 2523 προσέμισγον

392 2537 474 2625 πρὸς
495 2537 554 2617 τας
575 2537 725 2618 ἐπάλξεις
747 2539 866 2618 εἰδότες
887 2537 936 2607 ὅτι
959 2544 1072 2630 {eppei
1090 2565 1169 2609 εισιν
1192 2541 1270 2630 (ΙΙΙ,
1288 2540 1340 2623 22,
1354 2540 1401 2627 3).
1436 2541 1547 2625 Quod

393 2645 525 2712 Caesar
552 2646 637 2711 dicit
662 2647 780 2712 hostes
805 2666 842 2712 re
871 2667 967 2713 nova
998 2649 1205 2732 perterritos
1238 2666 1337 2714 muro
1370 2650 1550 2716 turribus-

394 2771 462 2834 que
485 2752 642 2817 deiectos
665 2771 742 2817 esse
768 2752 918 2836 (Vnae,
940 2755 972 2835 1)
1007 2755 1070 2818 llio
1093 2754 1236 2819 brevius
1259 2753 1453 2819 arbitratus
1478 2774 1548 2821 suo

392 2875 490 2921 more
512 2856 671 2940 pluribus
694 2857 824 2925 reddit:
854 2860 908 2922 καὶ
929 2856 1052 2945 πύργον
1073 2856 1145 2923 τινα
1168 2860 1365 2948 παραχρῆμα
1385 2859 1468 2943 πρὶν
1493 2863 1552 2927 καὶ

392 2961 575 3027 αἰσθέσθαι
597 2959 669 3037 τούς
690 2963 860 3045 πολεμίους
881 2964 938 3053 τῆς
968 2968 1147 3047 παρουσίας
1168 2983 1259 3050 σφων
1280 2959 1404 3039 ἑλόντες
1426 2958 1552 3031 ἔπειτα

393 3068 445 3131 καὶ
466 3064 508 3132 τοὶ
529 3064 628 3132 λοιποὶ
651 3064 688 3131 οὐ
710 3067 855 3149 χαλεπῶς
877 3066 1084 3153 ἐχειρώσαντο
1108 3068 1173 3152 (34,
1197 3069 1241 3149 4).
1272 3069 1443 3133 Extrema
1468 3089 1548 3136 om-

392 3173 476 3238 nino
501 3177 701 3256 congruunt
724 3191 805 3237 cum
828 3174 1102 3241 commentariis

498 3350 528 3398 c.
562 3331 613 3397 35.
670 3331 903 3414 Indiligenter
933 3331 998 3396 Dio
1035 3332 1144 3396 tradit
1175 3330 1364 3397 Caesarem
1402 3332 1549 3400 ratibus

392 3437 583 3501 Elaverum
602 3436 748 3500 fluvium
762 3440 1022 3519 transgressum
1041 3455 1118 3503 esse
1143 3435 1305 3522 (Caesam
1329 3436 1442 3500 isdem
1462 3441 1548 3505 sub-

393 3542 481 3623 licis,
503 3560 650 3624 quorum
662 3560 745 3624 pars
769 3543 913 3606 inferior
927 3543 1067 3624 integra
1090 3541 1300 3607 remanebat
1315 3540 1546 3630 [V11.35,5]).

392 3647 442 3712 De
475 3647 651 3711 nonnullis
688 3648 765 3711 aliis
804 3648 905 3712 huius
937 3647 1064 3732 capitis
1102 3649 1207 3712 rebus
1239 3647 1310 3711 iam
1341 3665 1450 3730 supra
1488 3654 1548 3715 est

393 3754 620 3837 disputatum.
1386 3817 1407 3874 ὲ

496 3931 526 3983 c,
551 3911 602 3979 36.
659 3912 759 3994 Quae
791 3912 854 3977 Dio
887 3914 1004 3996 prodit
1035 3914 1080 3978 de
1113 3912 1294 3977 obsidione
1327 3910 1547 3998 Gergoviae,

393 4018 536 4083 minime
566 4021 652 4102 apta
675 4022 766 4098 sunt,
799 4019 924 4101 quibus
953 4036 1251 4099 commoveamur,
1283 4021 1321 4081 ut
1343 4018 1472 4082 melius
1497 4021 1546 4087 de

391 4124 485 4188 illius
517 4125 733 4208 excerpendi
762 4125 899 4189 rationo
933 4124 1100 4187 iudicium
1135 4123 1317 4187 faciamus,
1367 4122 1470 4187 Haec
1503 4131 1548 4192 ut

392 4230 552 4295 omuibus
584 4230 621 4294 in
656 4230 762 4294 rebus
801 4229 1134 4294 commentariorum
1166 4229 1320 4311 vestigia
1353 4228 1547 4315 praebent,

390 4337 441 4401 ita
464 4340 575 4401 totum
594 4337 778 4401 confusum
802 4342 908 4418 atque
927 4336 1175 4401 conturbatum
1199 4339 1261 4415 cst,
1285 4337 1324 4399 ut
1346 4333 1421 4398 sine
1444 4353 1549 4402 com-

390 4442 642 4506 mentariorum
666 4442 797 4506 auxilio
817 4441 942 4505 harum
966 4459 1084 4505 rerum
1108 4439 1297 4521 imaginem
1321 4438 1549 4520 cogitatione

380 4550 521 4630 ringere
542 4565 615 4614 non
636 4548 824 4633 possimus
