3792 5250
929 668 952 735 6

471 1003 572 1068 Haec
595 1012 648 1069 est
671 1005 848 1069 sententia
861 1004 1079 1069 llicalellae:
1103 1003 1255 1068 Tantum
1279 1003 1372 1066 inter
1390 1001 1512 1065 Dionis

367 1107 481 1173 Cassii
514 1109 754 1173 narrationem
786 1123 821 1173 et
853 1108 1127 1174 commentarios
1159 1107 1323 1172 Caesaris
1356 1108 1511 1183 interest,

367 1218 406 1278 ut
428 1230 652 1295 nequaquam
676 1214 751 1276 fieri
775 1213 896 1296 possit,
919 1226 956 1277 ut
980 1215 1040 1278 ille
1063 1213 1328 1277 commentariis
1351 1229 1433 1274 risus
1451 1211 1512 1289 sit:

367 1318 431 1383 sed
453 1318 667 1383 auctoritate
696 1319 797 1383 unius
819 1320 932 1383 Asinii
955 1319 1122 1382 Pollionis
1150 1318 1318 1381 historiae
1346 1335 1425 1380 eum
1449 1315 1511 1378 niti

367 1422 662 1488 verisimillimum
695 1430 759 1504 est,
797 1434 834 1488 ut
866 1442 887 1487 e
916 1423 1031 1488 Dione
1062 1422 1194 1488 Cassio.
1226 1440 1318 1504 qnae
1349 1422 1394 1484 sit
1426 1421 1512 1484 tides

369 1526 534 1593 Caesaris
561 1529 596 1592 in
620 1529 894 1608 commentariis,
927 1529 1047 1611 utique
1074 1527 1264 1610 intelligas.
1310 1527 1355 1593 Is.
1386 1526 1512 1608 quide

369 1631 460 1696 libro
486 1632 654 1697 iudicium
683 1642 718 1698 et
745 1652 934 1698 censuram
961 1635 1113 1717 scripsit,
1145 1634 1211 1697 etsi
1234 1632 1358 1714 paucis
1380 1632 1468 1696 locis
1490 1650 1513 1695 a

368 1737 549 1802 Micalella
577 1739 695 1802 allatis
718 1738 867 1803 Dionem
896 1758 977 1804 cnm
1000 1739 1154 1804 Caesare
1178 1739 1383 1819 discrepare
1406 1744 1513 1818 negat

369 1860 484 1925 neque
507 1861 561 1924 ea,
594 1861 685 1925 quae
708 1843 767 1907 ille
795 1850 973 1927 postremo
1002 1844 1120 1926 capite
1147 1843 1191 1908 de
1214 1842 1335 1906 Asinio
1357 1841 1513 1905 Pollione

369 1947 520 2029 disserit,
543 1948 761 2030 comprobat,
784 1949 820 2012 in
843 1949 1048 2013 universum
1072 1962 1192 2012 tamen
1211 1957 1247 2012 et
1268 1949 1344 2030 ipse
1363 1945 1512 2010 Dionem

369 2057 514 2136 praeter
541 2051 731 2118 Caesarem
763 2054 853 2117 alios
886 2072 1025 2136 quoque
1059 2071 1177 2117 rerum
1206 2052 1397 2134 scriptores
1429 2055 1512 2115 ante

370 2159 491 2222 oculos
530 2158 695 2223 habuisse
737 2159 918 2224 existimat
957 2168 992 2223 et
1029 2158 1243 2222 llicallellae
1283 2157 1512 2238 diligentiam,

370 2261 566 2343 scientiam,
595 2280 746 2327 acumen
769 2263 913 2327 summis
940 2263 1104 2327 laudibus
1127 2263 1240 2327 effert.
1284 2261 1384 2342 Quae
1406 2279 1513 2342 quam

370 2368 463 2431 falsa
484 2366 564 2449 sint,
592 2372 630 2432 ut
653 2369 889 2452 ostendamus,
918 2370 1058 2450 singula
1081 2367 1280 2432 Micalellae
1303 2371 1513 2448 argumenta

371 2472 575 2537 refellamus
598 2491 745 2538 necesse
768 2480 832 2540 est.

475 2577 516 2642 In
540 2577 615 2661 ipso
640 2596 681 2643 eo
704 2578 834 2662 capite,
867 2578 960 2643 unde
988 2578 1172 2643 exordium
1196 2577 1302 2641 sumit
1324 2576 1513 2654 Micalella,

372 2681 549 2747 disserens
582 2683 626 2747 de
662 2684 731 2748 lide
763 2684 1096 2749 commentariorum
1130 2682 1304 2762 Caesaris,
1347 2680 1514 2744 nonnulla

372 2785 609 2866 inveniuntur,
642 2795 734 2871 quae
767 2789 909 2852 minime
937 2790 1157 2871 comprobes.
1203 2786 1307 2850 Falso
1334 2786 1427 2849 enim
1455 2785 1513 2847 lli-

373 2890 503 2956 calella
525 2894 707 2958 contendit
730 2892 779 2977 (p.
804 2893 841 2978 b)
869 2894 1027 2974 singulas
1050 2893 1230 2974 utriusque
1253 2890 1435 2972 scriptoris
1457 2906 1514 2952 res

373 2996 489 3060 adhuc
521 2997 614 3063 inter
642 3017 680 3063 sc
707 3017 776 3062 non
809 3017 886 3063 esse
915 3004 1152 3081 comparatas.
1199 2997 1344 3062 Nescire
1372 2995 1513 3059 ridetur

374 3100 500 3165 bacin
525 3119 564 3166 re
587 3107 622 3168 et
644 3102 878 3185 Jelgersmam
906 3108 942 3167 et
964 3102 1159 3166 Melbernm
1187 3102 1400 3178 elaborasse,
1432 3116 1513 3180 quo-

373 3222 450 3269 rum
474 3208 632 3271 neutrius
655 3207 726 3271 ullo
749 3207 860 3272 libelli
883 3207 935 3271 sui
959 3206 1037 3270 loco
1060 3206 1274 3271 mentionem
1296 3205 1393 3269 facit.

477 3309 586 3376 Recte
609 3312 654 3375 M.
678 3313 728 3395 (p.
753 3311 789 3396 6)
814 3312 899 3376 dicit
922 3312 1045 3375 Dionis
1073 3311 1313 3375 narrationem
1336 3316 1409 3373 tum
1432 3327 1513 3391 qno-

374 3434 451 3497 que,
476 3416 504 3479 si
528 3416 573 3480 ab
597 3417 667 3480 alio
691 3417 843 3499 quodam
871 3418 1044 3500 scriptore
1066 3416 1219 3500 repetita
1242 3426 1305 3498 est,
1337 3415 1456 3479 multis
1479 3416 1513 3478 in

373 3521 479 3585 rebus
510 3540 591 3585 cum
624 3523 886 3588 commentariis
917 3540 1112 3603 congruere
1140 3540 1285 3586 necesse
1314 3540 1400 3586 esse.
1447 3520 1515 3586 Sed

375 3626 469 3709 apud
493 3627 652 3705 Dionem,
686 3627 722 3691 id
750 3628 842 3709 quod
872 3644 993 3691 omnes
1024 3628 1098 3693 fere
1126 3626 1284 3691 homines
1317 3627 1410 3690 docti
1434 3645 1513 3690 con-

374 3731 538 3811 sentiunt,
563 3732 768 3815 saepissime
791 3737 826 3796 et
851 3732 884 3795 in
901 3733 1061 3796 omnibns
1079 3733 1154 3796 fere
1172 3732 1348 3815 capitibus
1363 3732 1515 3813 plurima

375 3836 421 3899 ad
458 3836 606 3901 verbum
648 3856 667 3901 e
709 3838 972 3902 commentariis
1013 3837 1188 3901 translata
1223 3855 1300 3901 csse
1339 3837 1514 3917 videntur,

375 3945 544 4023 tantaque
596 3941 772 4023 reperitur
816 3942 1006 4005 multarum
1058 3959 1176 4005 rerum
1220 3940 1430 4020 similitudo,
1477 3943 1515 4003 ut

375 4047 638 4111 commentariis
687 4064 766 4110 eum
811 4065 912 4110 usum
958 4065 1034 4112 esse
1077 4065 1178 4111 nemo
1218 4047 1327 4128 possit
1371 4063 1514 4127 negare,

375 4169 446 4233 qua
478 4151 555 4234 ipsa
584 4169 623 4216 re
655 4150 814 4215 homines
849 4152 954 4230 docti,
987 4151 1117 4234 quippe
1145 4151 1204 4233 qui
1235 4169 1314 4214 cum
1345 4156 1514 4232 quantum

375 4257 620 4322 commentarii
645 4257 681 4320 in
704 4256 969 4320 conscribendis
995 4257 1039 4320 de
1071 4254 1164 4320 bello
1190 4254 1328 4319 Gallico
1361 4254 1514 4319 historiis

376 4364 549 4437 valerent,
585 4370 658 4427 tum
691 4380 782 4445 <luae
814 4365 907 4428 esset
934 4360 1056 4425 Dionis
1088 4360 1125 4423 in
1159 4360 1383 4443 excerpendo
1414 4360 1514 4439 ratio,

377 4468 657 4549 considerarent,
692 4466 837 4532 adducti
869 4470 951 4530 sunt
984 4465 1030 4529 ad
1062 4464 1361 4546 investigandum,
1399 4483 1515 4528 nonne

377 4573 482 4638 otiam
512 4573 679 4637 nonnulla
703 4591 755 4655 ea,
789 4589 880 4655 quae
908 4571 1003 4654 apud
1025 4568 1171 4635 Dionem
1200 4570 1269 4633 alio
1292 4573 1398 4651 atque
1421 4570 1516 4651 apud
