3792 5250
840 609 1048 710 ,ἕὲ-

373 836 461 884 vera
484 817 675 883 Caesarem
709 819 842 900 proelio
875 819 1055 900 vicissent,
1088 822 1186 883 certe
1213 819 1318 900 longe
1350 818 1457 882 aliter
1478 836 1515 883 se

372 924 562 1007 gessissent
595 927 630 988 et
664 923 742 1004 plus
766 923 842 986 ausi
875 928 1002 988 essent.
1057 921 1094 986 Si
1126 921 1277 1004 denique
1300 921 1425 986 Dionis
1459 941 1514 987 ex-

371 1027 567 1110 aggerandi
581 1027 734 1091 studium
756 1027 938 1109 respicias
962 1027 1030 1091 hoc
1053 1046 1098 1092 ex
1121 1028 1199 1091 loco
1224 1026 1380 1090 auctoris
1405 1026 1511 1091 cuius-

373 1134 454 1196 dam
478 1131 624 1196 Caesari
647 1131 846 1196 adversarii
869 1131 1023 1214 vestigia
1051 1131 1193 1195 minime
1217 1131 1336 1213 colligi
1359 1137 1514 1214 possunt.

476 1234 673 1300 Perfalsam
703 1235 877 1299 rationem
911 1242 1053 1300 secutus
1085 1235 1328 1315 Eyssenhardt
1361 1233 1413 1317 (p.
1436 1233 1515 1320 762)

372 1341 495 1405 Dionis
517 1339 757 1403 narrationem
786 1339 1034 1404 brevissimam
1062 1343 1170 1421 atque
1199 1340 1386 1402 obscuram
1410 1340 1516 1402 nomi·

372 1452 444 1526 nat,
468 1445 560 1508 infra
583 1442 677 1506 hanc
701 1442 864 1507 Caesaris
888 1444 1007 1508 verbis
1031 1444 1151 1526 utique
1174 1444 1283 1507 multo
1307 1442 1516 1506 clarioribus

372 1549 564 1632 anteponit.
616 1548 715 1611 Infra
747 1566 884 1629 quoque
916 1547 1161 1628 Eyssenhardt
1191 1547 1310 1611 Dionis
1342 1547 1515 1612 rationem

372 1653 549 1718 scribendi
573 1653 679 1734 plane
702 1652 853 1733 ignorat.
900 1651 953 1718 Ob
976 1653 1044 1715 hoc
1072 1653 1196 1735 ipsum,
1229 1651 1321 1733 quod
1344 1650 1413 1715 Dio
1437 1670 1515 1716 cau·

373 1777 430 1823 sas
462 1754 686 1838 regrediendi
717 1754 752 1818 in
787 1756 1051 1820 commentariis
1083 1756 1213 1819 allatas
1246 1755 1317 1836 (Vl.
1350 1754 1406 1835 29)
1446 1775 1513 1820 non

372 1864 458 1927 satis
481 1878 612 1943 graves
629 1860 818 1940 existimat,
842 1859 917 1942 ipse
937 1860 1116 1941 quandam
1135 1859 1244 1940 addit,
1268 1860 1331 1924 sed
1350 1860 1516 1926 uni-verse

373 1974 408 2034 et
439 1967 553 2031 minus
576 1967 683 2046 clare,
717 1968 916 2047 propterea,
950 1965 1042 2047 quod
1075 1964 1151 2047 ipse
1184 1964 1271 2028 nihil
1303 1965 1393 2029 certi
1425 1967 1517 2048 cogi-

373 2074 506 2139 tatione
539 2070 815 2153 comprehendit.
862 2070 988 2133 Mirum
1020 2087 1125 2152 porro
1154 2077 1217 2150 est,
1251 2071 1344 2152 quod
1367 2070 1516 2151 Eyssen-

373 2179 479 2243 hardt
509 2196 554 2241 ne
586 2174 705 2239 Dionis
738 2174 879 2256 quidem
912 2174 1133 2254 narratione,
1174 2193 1278 2256 quem
1311 2176 1517 2257 ,praeclaris

373 2285 527 2348 fontibus
549 2281 610 2345 uti‘
634 2279 815 2344 contendit
833 2282 878 2362 (p.
899 2278 986 2359 760),
1010 2279 1078 2343 hoc
1101 2279 1190 2359 loce,
1214 2279 1273 2344 ubi
1291 2279 1386 2344 illius
1405 2283 1513 2346 verba

373 2409 443 2454 non
472 2388 523 2452 ita
545 2390 631 2468 apta
663 2386 709 2448 ad
733 2391 943 2467 argumenta
975 2403 1039 2449 sua
1072 2404 1149 2450 esse
1173 2387 1205 2451 ei
1228 2387 1403 2468 videntur,
1440 2407 1516 2452 con-

373 2498 490 2560 tentus
514 2496 576 2557 est.
612 2527 650 2538 -
683 2489 886 2555 Falsissime
909 2489 976 2553 Dio
1001 2508 1128 2554 causas
1156 2495 1397 2579 perscrutatus
1419 2493 1518 2557 addit

373 2602 564 2678 Eburones
598 2613 746 2679 quorum
780 2598 867 2660 tines
891 2594 1025 2660 Caesar
1048 2597 1225 2678 vastabat,
1258 2596 1345 2662 nihil
1372 2597 1520 2665 hostiles

373 2707 409 2770 in
432 2705 608 2768 Romanos
631 2721 669 2766 se
692 2701 909 2784 praebuisse.
955 2701 1032 2764 Iam
1055 2701 1192 2783 pridem
1217 2702 1344 2766 oblitus
1367 2721 1448 2769 esse
1472 2704 1520 2767 vi-

373 2812 475 2875 detur
498 2808 567 2872 illis
590 2811 696 2870 antea
720 2805 924 2870 continuum
946 2806 1078 2870 bellum
1101 2824 1181 2870 oum
1197 2806 1364 2871 Romanis
1391 2808 1519 2891 fuisse3

372 2916 467 2979 hunc
490 2914 526 2976 in
550 2929 706 2976 errorem
726 2929 767 2974 eo
791 2910 923 2991 incidit,
948 2911 1041 2992 quod
1065 2929 1145 2975 cum
1169 2929 1295 2975 causas
1318 2921 1521 2995 quaereret,

374 3021 433 3083 illo
457 3020 533 3102 ipso
558 3020 636 3081 loco
661 3016 748 3079 nihil
772 3014 954 3079 seditionis
977 3015 1180 3079 Eburonum
1202 3017 1349 3097 legerat.

477 3123 577 3205 Quod
612 3122 739 3186 deindo
771 3121 979 3202 discrepans
1008 3140 1030 3183 a
1058 3121 1321 3185 commentariis
1352 3120 1445 3204 (,hoc
1481 3142 1522 3188 eo

354 3230 449 3313 'ipso
473 3234 631 3311 tempore
664 3244 763 3290 casu
796 3225 965 3290 Germani
998 3226 1133 3308 equites
1165 3226 1428 3308 interveniunt‘,
1462 3227 1522 3299 VI.

374 3333 485 3418 37,1)
517 3331 633 3415 prodit
662 3332 875 3413 Sugambros
903 3341 1140 3413 exspectasse,
1174 3331 1256 3394 dum
1279 3330 1428 3395 Romani
1451 3333 1522 3397 fru-

374 3446 570 3505 mentatum
593 3439 695 3517 irent,
731 3437 816 3500 illud
842 3435 1006 3501 Caesaris
1030 3437 1214 3518 negligens
1237 3435 1385 3518 sumpsit
1408 3436 1480 3501 hoo
1502 3456 1521 3502 e

374 3544 507 3609 verbis:
531 3543 674 3625 ,redisse
693 3543 806 3624 primo
825 3542 983 3623 legiones
999 3542 1203 3622 credebant,
1227 3559 1330 3623 quas
1353 3541 1520 3623 longius

374 3649 628 3714 discessisse
661 3666 710 3711 ex
743 3647 931 3729 captivis
964 3648 1270 3727 cognoverant‘
1304 3644 1380 3730 (VI.
1405 3645 1458 3727 39,
1482 3647 1519 3730 4)

375 3754 522 3819 ethaeo
545 3753 604 3833 ita,
627 3757 666 3815 ut
687 3751 806 3831 refert,
829 3750 1015 3815 intellexit.
1048 3789 1088 3797 —
1114 3749 1247 3833 Capitis
1270 3754 1389 3815 autem
1412 3750 1520 3816 finem

379 3860 428 3923 ita
452 3858 549 3938 facit,
582 3861 620 3921 ut
642 3857 701 3920 hic
732 3874 869 3939 quoque
902 3855 1022 3920 verbis
1045 3852 1210 3939 πρόφασιν
1231 3858 1301 3937 μὲν,
1330 3852 1368 3919 τὸ
1391 3851 1421 3918 δ’
1442 3855 1519 3943 alr,-

374 3970 433 4039 de‘g
456 3981 549 4043 usus,
569 3962 694 4044 quibus
726 3962 833 4026 rebus
862 3958 996 4024 Caesar
1027 3961 1069 4023 ad
1103 3960 1280 4042 agendum
1314 3959 1441 4024 ductus
1476 3962 1521 4025 sit

376 4073 541 4151 exponat.

479 4192 509 4237 c.
534 4173 586 4238 33.
631 4172 745 4236 llinus
776 4172 964 4255 diligenter
992 4172 1054 4235 Dio
1087 4176 1288 4255 propterea,
1320 4172 1413 4255 quod
1447 4176 1523 4238 toto

375 4279 468 4342 bello
484 4277 638 4343 Arverni
660 4278 792 4361 primas
815 4284 936 4360 partes
961 4281 1091 4358 tenent,
1115 4278 1169 4340 his
1189 4276 1297 4341 etiam
1312 4276 1525 4343 interfectos

375 4382 551 4448 Romanos
574 4383 706 4464 tribuit,
730 4401 809 4447 curn
833 4384 1027 4447 secundum
1050 4382 1323 4447 commentarios
1346 4379 1525 4448 Carnutes

375 4491 439 4555 hos
471 4491 635 4556 occidant
669 4491 815 4579 (VIL‘d,
841 4490 887 4576 1).
921 4527 962 4536 —
995 4487 1321 4570 Vercingetorigem
1353 4506 1424 4570 eos,
1460 4490 1523 4573 qui
