3792 5250
953 616 997 684 14

871 705 1078 718 ...-.--

400 817 528 883 ceteris
547 823 673 884 auctor
692 826 754 903 cst,
778 830 817 890 ut
836 845 874 891 se
888 827 923 891 in
940 824 1061 908 aliqua
1078 840 1118 888 re
1137 826 1339 904 sequantur,
1364 822 1422 904 qui
1439 822 1546 904 igitur

400 922 476 1004 ipse
496 923 529 988 ei
548 924 600 988 rei
618 924 766 992 interest
785 932 844 1011 (cf.
859 932 911 1013 40,
928 931 959 1012 5,
974 925 1009 996 1':
1034 925 1207 1019 ἡγουμένου
1221 927 1332 1009 apicio
1344 922 1544 1011 miraturos

398 1026 451 1108 40,
475 1026 527 1109 33,
551 1032 586 1096 1:
610 1025 783 1119 ἡγουμένου
801 1054 892 1121 σφων
914 1028 1198 1118 Οιῖερκιγγενόριγος
1211 1027 1424 1116 ἀπέστησαν),
1444 1035 1482 1096 ut
1499 1050 1544 1095 ex

400 1150 443 1196 ea
470 1132 761 1216 interpretatione
794 1139 862 1205 hoc
893 1141 972 1204 loco
1001 1138 1047 1203 ad
1074 1136 1266 1201 tollendam
1300 1135 1543 1200 difficultatem

399 1236 486 1300 nihil
509 1238 643 1303 fructus
665 1242 913 1326 percipiamus,
1550 1227 1553 1234 ¹

424 1412 427 1421 .
502 1342 603 1408 Haec
625 1345 824 1413 Micclellae
848 1355 894 1433 (p.
918 1349 986 1428 tbi:
1024 1347 1079 1424 ‚Al
1098 1349 1217 1409 nostro
1241 1349 1449 1427 argumento
1474 1362 1543 1407 non

399 1446 552 1529 importa
584 1466 711 1533 sapere
743 1452 835 1519 dove
867 1454 936 1518 stia
965 1454 992 1517 il-
1018 1469 1115 1532 vero,
1151 1451 1256 1532 quale
1287 1449 1492 1514 narratione
1515 1448 1545 1510 si

400 1551 517 1616 dobba
540 1558 746 1638 accettare‘,
775 1559 841 1622 etsi
860 1558 929 1623 hac
947 1558 982 1621 in
1007 1575 1046 1621 re
1067 1561 1103 1620 et
1122 1554 1292 1619 eiusmodi
1312 1554 1391 1618 aliis
1410 1554 1543 1631 valent,

399 1660 519 1721 tamen
543 1676 613 1722 non
636 1659 755 1743 utiquc
779 1667 858 1727 sunt
883 1660 1158 1746 comprobanda.
1197 1659 1287 1722 Nam
1306 1659 1335 1722 si
1351 1658 1434 1741 quid
1450 1659 1544 1741 apud

400 1763 551 1827 alterum
583 1763 792 1848 scriptorem
823 1768 903 1832 falsi
938 1773 999 1832 aut
1034 1764 1178 1830 absurdi
1212 1768 1273 1828 aut
1306 1781 1386 1827 cum
1416 1763 1544 1828 ceteris

399 1867 505 1931 rebus
524 1886 594 1931 uon
613 1872 843 1936 consentanei
861 1872 962 1936 nobis
982 1869 1147 1950 occurrit,
1171 1867 1239 1932 hoc
1263 1869 1306 1931 ob
1325 1866 1412 1930 illud
1431 1868 1543 1950 ipsum

400 1990 464 2055 per
496 1990 534 2037 se
568 1973 802 2056 suspicionem
835 1979 979 2041 moveat
1011 1992 1157 2040 necesse
1191 1977 1254 2053 est,
1287 1976 1323 2037 et
1354 1972 1461 2037 etiam
1484 1971 1544 2034 Mi-

400 2076 540 2158 calella,
572 2077 631 2141 ubi
655 2097 708 2160 ea,
741 2098 832 2162 quae
856 2081 931 2162 ipse
955 2083 1087 2160 censet,
1117 2078 1329 2142 confirmare
1353 2094 1455 2160 posse
1478 2075 1544 2139 sibi

399 2181 551 2263 videtur,
583 2183 694 2246 multa
723 2185 835 2248 verba
866 2185 964 2264 facit,
998 2187 1114 2248 utrum
1146 2181 1270 2247 Dionis
1301 2199 1347 2245 an
1381 2179 1544 2245 Caesaris

400 2286 558 2350 narratio
582 2286 626 2350 sit
650 2287 886 2352 verisimilior.

503 2391 581 2456 Non
605 2392 718 2473 magis
736 2393 912 2476 reperitur
931 2394 1025 2477 apud
1039 2392 1240 2471 Caesarem,
1265 2390 1357 2474 quod
1372 2389 1439 2453 Dio
1458 2387 1544 2452 dicit

403 2493 471 2579 (38,
505 2496 556 2578 31,
590 2494 642 2581 3):
666 2494 701 2562 ἐν
728 2501 773 2580 νῷ
799 2493 921 2580 ἔχοντες
946 2494 1004 2562 τὸν
1029 2494 1182 2562 Ῥοδανὸν
1208 2497 1356 2585 διαβῆναι
1383 2495 1435 2557 καὶ
1467 2490 1546 2576 πρὸς

401 2603 470 2677 ταῖς
484 2597 619 2667 'niardi
641 2624 708 2667 ιιοο
738 2603 991 2693 κατοικισθῆναι.
1049 2601 1117 2668 Sed
1145 2601 1213 2666 hoc
1239 2618 1377 2684 quoque
1401 2599 1545 2664 minime

402 2706 594 2771 convenire
629 2725 709 2771 cum
741 2726 837 2789 vere,
872 2708 943 2772 iam
975 2708 1014 2787 ie,
1052 2707 1110 2789 qui
1143 2708 1187 2772 de
1223 2705 1341 2771 libello
1379 2704 1546 2769 iudicium

402 2809 553 2892 scripsit,
584 2811 725 2876 uberius
749 2815 784 2877 et
806 2812 1002 2877 rectissime
1026 2812 1189 2895 exposuit
1212 2810 1262 2895 (p.
1286 2807 1485 2893 tro-127),
1508 2813 1547 2872 ut

401 2933 482 3005 nos,
507 2934 552 2979 ne
581 2915 699 2979 aliena
730 2920 942 2999 repetamus
975 2934 1018 2980 oa
1042 2916 1244 2980 omittamus
1275 2914 1310 2978 id
1338 2915 1449 2978 solum
1473 2913 1548 2977 adi-

402 3019 536 3085 cientes
558 3021 691 3085 fontem
714 3021 812 3084 illum
836 3039 858 3085 a
881 3021 1061 3085 Micalella
1090 3024 1275 3101 tantopore
1303 3019 1544 3083 collaudatam

401 3122 460 3188 hie
487 3125 614 3189 iterum
647 3125 849 3190 habiturum
877 3144 954 3190 esse
981 3125 1117 3206 uitium,
1152 3126 1245 3207 quod
1277 3123 1363 3187 nihil
1397 3123 1547 3187 haberet

401 3228 649 3295 excusationis.
696 3229 764 3294 Sed
797 3231 970 3312 quomodo
1005 3230 1178 3294 adductus
1207 3233 1260 3294 est
1283 3229 1349 3293 Dio
1378 3227 1545 3291 adhunc

402 3335 581 3399 errorem?
628 3336 770 3416 Auctor,
795 3336 924 3418 quippe
948 3335 1007 3417 qui
1031 3335 1159 3416 ubique
1182 3335 1256 3417 ipso
1280 3353 1302 3398 a
1324 3352 1362 3398 se
1385 3336 1544 3416 quaerat,

402 3459 471 3522 quo
501 3439 654 3522 quidque
683 3441 828 3504 consilio
852 3443 914 3505 fiat
937 3446 973 3505 et
996 3458 1064 3521 quo
1093 3443 1240 3522 spectet,
1273 3458 1353 3504 cum
1376 3438 1544 3503 hocloco

402 3545 497 3628 apud
520 3543 710 3609 Caesarem
742 3545 829 3607 nibil
862 3545 905 3609 de
938 3549 1045 3625 terra,
1078 3563 1146 3626 quo
1174 3543 1330 3608 Helvetii
1358 3548 1440 3609 sunt
1469 3562 1546 3627 pro·

402 3649 538 3731 secturi,
558 3648 734 3713 invenerit
748 3647 930 3733 (Caesaris
944 3647 1039 3713 enim
1054 3647 1396 3730 commentariosque
1412 3646 1545 3713 Rornae

402 3755 593 3836 legentium
625 3754 683 3817 hic
715 3754 801 3818 nihil
834 3754 1015 3834 intererat,
1052 3753 1112 3816 ubi
1143 3752 1298 3818 Helvetii
1330 3753 1432 3818 sedes
1465 3770 1544 3817 con·

402 3859 547 3923 stituere
566 3858 710 3938 vellent,
734 3860 796 3923 sed
814 3859 881 3923 hoc
900 3858 1023 3937 solum,
1048 3877 1107 3922 eos
1126 3875 1190 3941 por
1202 3856 1438 3923 Romanorum
1457 3858 1544 3922 fines

402 3963 469 4027 iter
493 3982 569 4027 esse
592 3965 757 4043 t'acturos,
782 3964 873 4045 quod
897 3981 942 4027 no
966 3963 1066 4027 fieret
1080 3963 1294 4046 impediendi
1317 3964 1370 4027 ius
1394 3967 1545 4045 potesta-

402 4073 543 4150 temque
559 4065 692 4133 Caesar
710 4066 861 4151 habuit),
885 4068 960 4150 ipse
979 4086 1041 4132 suo
1065 4069 1211 4133 arbitrio
1235 4068 1415 4150 regionem
1434 4084 1542 4149 quan·

403 4173 484 4237 dam
508 4174 626 4253 tradit,
659 4174 721 4237 sed
750 4178 822 4237 tam
848 4191 940 4254 vage
970 4174 1026 4253 (cf.
1049 4171 1130 4256 πρὸς
1151 4171 1368 4248 vaunnam
1387 4174 1474 4252 που),
1506 4176 1544 4235 ut

403 4297 444 4343 eo
467 4279 542 4362 ipso
566 4278 799 4360 suspicionem
823 4282 975 4344 moveat.
1022 4278 1099 4341 Hoc
1123 4278 1155 4342 ei
1178 4278 1471 4343 verisimillimum
1495 4275 1544 4339 vi·

403 4383 514 4463 detur,
538 4384 630 4466 quod
649 4382 832 4448 Helvetios
850 4383 885 4445 in
905 4381 1087 4446 meridiem
1108 4399 1232 4445 versus
1252 4381 1427 4465 proficisci
1447 4380 1545 4444 videt

403 4506 517 4569 noque
540 4488 610 4552 iam
633 4488 791 4553 meminit
813 4487 872 4551 illo
895 4504 1014 4551 rerum
1036 4491 1131 4551 statu
1154 4487 1256 4570 offici,
1288 4492 1327 4552 ut
1350 4487 1392 4569 ei,
1425 4486 1484 4569 qui
1507 4485 1544 4550 in
