3792 5250
878 646 1083 748 „59-

515 877 545 922 c.
569 857 599 926 3.
644 856 749 922 Falso
773 857 839 922 Dio
872 858 1019 942 exponit
1049 860 1164 923 altera
1194 874 1314 940 pugna
1341 861 1468 922 exorta
1491 857 1559 922 Ro-

410 981 594 1027 manorum
623 963 859 1045 peditatum
886 981 909 1027 a
932 963 1111 1030 Britannis
1141 964 1256 1026 fusum
1290 980 1378 1029 esse.
1422 963 1560 1045 Magna

411 1069 494 1132 usu's
517 1068 552 1131 in
576 1068 800 1150 excerpendo
824 1068 1009 1132 celeritate
1041 1071 1147 1149 atque
1171 1067 1318 1132 levitate
1349 1066 1560 1150 verbisque:

411 1174 467 1255 ,ab
496 1173 605 1255 signis
633 1191 704 1236 non
735 1171 965 1237 abstinerent‘
998 1171 1111 1254 (Caes,
1135 1172 1175 1238 V.
1200 1169 1251 1253 17,
1274 1170 1306 1252 2)
1339 1172 1433 1237 male
1455 1174 1561 1238 intel-

411 1279 513 1344 lectis
536 1277 793 1360 quodammodo
816 1278 860 1342 de
884 1277 1016 1360 signis
1031 1277 1268 1342 Romanorum
1286 1277 1344 1359 agi
1365 1277 1562 1344 existimat.

413 1383 500 1450 Cum
524 1388 654 1464 autem,
685 1387 724 1448 ut
746 1383 817 1447 iam
840 1402 948 1467 supra
970 1383 1133 1463 vidimus
1164 1383 1232 1446 hoc
1255 1382 1437 1465 peditatui,
1468 1383 1562 1448 illud

413 1487 585 1572 equitatui
617 1486 773 1551 tribuere
806 1487 957 1568 studeat,
990 1488 1057 1551 hoc
1084 1504 1223 1568 quoque
1250 1487 1328 1551 loco
1359 1487 1453 1551 male
1480 1505 1562 1552 rem

416 1597 555 1676 gestam
586 1609 664 1656 esse
698 1591 781 1655 solis
807 1609 830 1655 a
852 1592 1038 1674 peditibus,
1069 1591 1160 1656 bene
1191 1591 1274 1654 solis
1305 1591 1351 1654 ab
1384 1591 1567 1674 equitibus

411 1697 530 1763 tradit.

516 1819 547 1867 c.
576 1801 607 1865 4.
654 1799 843 1865 Caesarem
875 1799 1010 1864 nullam
1042 1799 1220 1863 exercitus
1252 1803 1393 1881 partem
1423 1799 1460 1864 in
1485 1801 1564 1866 Bri-

412 1905 536 1971 tannia
557 1904 740 1987 reliquisse
759 1904 826 1968 Dio
844 1903 923 1968 ideo
941 1903 1084 1987 proprie
1103 1904 1222 1986 refert,
1245 1907 1283 1968 ut
1301 1903 1443 1986 habeat,
1461 1907 1564 1972 unde

413 2015 448 2077 et
471 2027 571 2075 suam
595 2009 849 2093 expositionem
862 2009 971 2074 ducat
988 2015 1024 2073 et
1044 2009 1230 2091 praeclare
1254 2013 1414 2074 transeat
1436 1995 1484 2074 ad
1505 2030 1563 2093 ea,

414 2133 505 2198 quae
528 2118 730 2198 sequuntur.
771 2112 907 2178 Deinde
931 2115 1025 2178 elato
1045 2113 1197 2195 quodam
1220 2113 1337 2177 animo
1360 2114 1565 2182 rectissime

376 2260 379 2269 ·
413 2239 451 2286 se
474 2237 531 2285 res
554 2220 748 2284 coniecisse
770 2219 1027 2302 quodammodo
1050 2220 1244 2301 profitetur.

519 2324 611 2390 Sane
634 2325 702 2389 hoc
729 2325 807 2388 loco
831 2323 956 2388 Florus
984 2341 1122 2406 quoque
1151 2323 1249 2389 dicit:
1283 2327 1481 2405 ,contentus
1506 2325 1565 2391 his

415 2428 475 2514 (=
496 2428 576 2496 Dio:
606 2425 752 2518 ἠγάπησε
773 2432 837 2503 τοῖς
859 2427 1016 2512 παροῦσι)
1041 2479 1048 2493 .
1074 2479 1081 2493 .
1106 2477 1113 2492 .
1138 2477 1146 2494 .
1170 2431 1336 2493 revectus
1359 2432 1413 2493 est
1441 2429 1481 2510 (I.
1507 2432 1564 2513 45,

415 2533 479 2616 19).
525 2533 593 2599 Sed
621 2533 754 2615 aliquid
781 2532 951 2597 eiusmodi
980 2532 1149 2597 facillime
1172 2550 1252 2596 cum
1276 2532 1436 2596 omnibus
1459 2534 1566 2600 offer-

413 2645 480 2721 tur,
504 2644 578 2703 tum
600 2638 799 2703 rhetoribus
818 2637 922 2702 Floro
946 2641 981 2702 et
1004 2638 1119 2718 Dioni,
1143 2638 1202 2719 qui
1223 2654 1322 2702 more
1344 2656 1406 2702 suo
1430 2656 1565 2706 causas

415 2763 554 2828 quoque
577 2743 725 2826 quaerit,
749 2747 796 2825 ut,
819 2743 848 2806 si
864 2742 936 2806 ludi
953 2743 1135 2806 cuiusdam
1159 2742 1348 2826 discipulos
1371 2742 1565 2810 transitum

414 2850 527 2915 Rheni
550 2849 751 2914 describere
770 2848 902 2928 iubeas
926 2848 1002 2911 sine
1021 2848 1126 2911 dubio
1145 2847 1180 2911 in
1199 2852 1331 2913 eventu
1348 2848 1565 2917 illustrando

416 2973 500 3039 pars
523 2954 699 3037 quaedam
723 2953 856 3017 eisdem
878 2953 939 3017 vel
962 2952 1133 3016 similibus
1155 2953 1275 3017 verbis
1297 2958 1427 3019 utatur.

520 3078 550 3123 o.
575 3059 604 3124 5.
651 3057 751 3139 Quae
769 3057 835 3121 Dio
856 3057 1010 3121 contrita
1030 3074 1052 3121 a
1072 3075 1109 3121 se
1127 3057 1294 3125 formula:
1317 3058 1422 3140 sam
1442 3083 1563 3143 μεν-

415 3162 453 3230 τό
481 3161 509 3229 δ’
537 3160 658 3249 ἀληθές
688 3182 770 3227 usus
804 3163 848 3228 de
881 3163 1083 3226 Eburonum
1115 3162 1286 3228 seditione
1317 3164 1435 3244 tradit,
1467 3166 1566 3232 sicut

416 3271 534 3334 omnia
567 3269 640 3334 eius
674 3268 814 3351 generis
848 3268 1044 3351 repetenda
1076 3272 1157 3333 sunt
1186 3287 1208 3337 a
1239 3268 1354 3333 studio
1388 3269 1463 3334 eius
1501 3289 1563 3337 res

415 3394 603 3458 rerumque
627 3392 753 3439 causas
782 3374 1031 3456 investigandi.
1077 3372 1204 3439 Omnia
1226 3377 1348 3439 cetera
1369 3376 1456 3440 satis
1478 3394 1565 3441 oon-

417 3486 546 3565 gruunt
570 3499 650 3544 cum
674 3479 946 3545 commentariis.

330 3665 332 3670 ⁴
522 3603 552 3649 c.
586 3583 616 3651 6.
666 3582 770 3646 Falso
803 3583 869 3646 Dio
901 3583 1011 3647 tradit
1040 3580 1179 3647 Cottam
1211 3582 1449 3667 Sabinumque
1482 3603 1565 3669 pro-

417 3693 528 3756 fectos
560 3707 638 3754 osse
669 3706 858 3771 vespere.
903 3688 1027 3770 Neque
1059 3689 1151 3752 enim
1186 3689 1231 3752 ad
1262 3693 1400 3754 tantam
1431 3692 1564 3758 mentis

418 3794 630 3860 caecitatem
653 3810 858 3875 progressos
882 3812 941 3857 eos
965 3811 1042 3857 esse
1064 3798 1177 3875 putes
1206 3797 1244 3857 ut
1267 3794 1423 3858 locorum
1446 3795 1564 3877 ignati

418 3901 453 3964 in
477 3899 561 3981 ipsis
592 3897 742 3961 hostium
774 3898 900 3962 finibus
932 3901 1059 3961 noctu
1088 3898 1155 3962 iter
1186 3898 1357 3965 facerent.
1410 3898 1563 3967 Rectum

417 4004 529 4068 solum
551 4003 587 4066 id
611 4005 673 4083 est,
704 4002 796 4083 quod
828 4003 922 4086 apud
946 4000 1135 4067 Caesarem
1167 4002 1336 4085 scriptum
1368 4016 1422 4068 est
1444 4006 1564 4087 prima

417 4110 497 4172 luce
529 4126 588 4171 eos
617 4124 693 4171 esse
722 4108 909 4189 profectos.
955 4106 1143 4189 Excerpsit
1173 4110 1291 4171 autem
1321 4108 1389 4171 hoc
1411 4108 1479 4173 Dio
1512 4116 1564 4176 te-

292 4299 295 4304 ·
418 4212 569 4277 meraris
593 4230 613 4276 e
636 4212 898 4275 commentariis
917 4212 958 4276 V.
978 4210 1030 4293 323
1059 4214 1088 4279 l:
1113 4212 1240 4293 ‚hostes
1262 4217 1495 4295 posteaquam
1514 4235 1564 4281 ex

419 4323 590 4383 nocturno
622 4317 763 4382 fremitu
792 4318 992 4400 vigiliisque
1024 4317 1068 4381 dc
1100 4318 1318 4401 profectione
1341 4337 1461 4383 eorum
1483 4338 1564 4385 sen-

418 4427 560 4503 serunt‘,
584 4422 799 4505 quaeverba
814 4440 878 4504 pro
897 4422 1044 4485 levitate
1068 4440 1131 4485 sua
1155 4422 1205 4486 ita
1228 4422 1412 4503 intellexit,
1436 4427 1474 4487 ut
1497 4444 1563 4507 pu-

420 4532 513 4594 taret
550 4529 668 4593 hostes
700 4528 916 4611 profectos
948 4527 1026 4591 illos
1058 4544 1135 4591 esse
1167 4547 1187 4591 e
1215 4533 1387 4592 nocturno
1418 4530 1565 4597 fremitu
