3792 5250
1034 673 1077 742 22

484 901 559 947 sam
585 884 629 948 de
653 902 697 948 ea
719 883 890 949 certiores
912 886 1033 952 facere
1055 888 1221 970 potuisse,
1245 904 1315 968 qua
1334 886 1378 951 de
1396 903 1435 951 ro
1458 885 1525 949 hoc
1547 886 1625 949 loco

481 988 739 1070 quodammodo
763 988 839 1071 ipse
862 989 928 1054 sibi
953 991 1176 1057 contradicit.

589 1109 722 1191 Quodsi
755 1110 800 1176 M.
839 1110 925 1176 dicit
957 1110 1007 1195 (p.
1040 1108 1092 1178 27.
1126 1132 1159 1179 n.
1192 1111 1240 1194 1.)
1277 1111 1428 1175 Dionem
1465 1109 1625 1176 Cassium

481 1232 662 1297 nunquam
684 1233 754 1279 non
773 1215 1040 1298 diligentissime
1058 1234 1222 1282 servasse
1241 1221 1439 1298 temporum
1457 1215 1626 1297 ordinem,

485 1319 552 1382 hoc
576 1319 608 1384 ei
631 1324 685 1384 est
707 1320 1031 1402 demonstrandum,
1063 1321 1259 1386 refellenda
1292 1323 1372 1384 sunt
1403 1324 1623 1402 argumenta.

483 1423 586 1488 alitor
610 1425 653 1490 de
677 1424 808 1489 haere
831 1425 1044 1490 sententium
1067 1426 1166 1490 velut
1189 1423 1429 1508 Wilmansii.1)

583 1547 646 1627 Ea,
692 1564 783 1629 quae
816 1547 860 1616 Μ.
895 1547 1090 1630 disputavit
1135 1548 1179 1613 de
1221 1547 1474 1631 particularum
1507 1550 1562 1609 καί
1591 1551 1627 1611 et

480 1674 515 1714 τε
534 1651 628 1732 apud
651 1651 802 1716 Dionem
826 1669 899 1732 usu,
924 1670 994 1716 non
1022 1671 1099 1717 esse
1133 1651 1399 1736 comprobanda
1428 1650 1499 1715 iam
1530 1653 1626 1733 apud

480 1773 570 1836 eum,
603 1756 663 1838 qui
696 1756 741 1820 de
772 1755 892 1820 libello
927 1773 1115 1820 censuram
1146 1757 1241 1836 fecit,
1276 1754 1425 1838 legimus
1459 1757 1509 1840 (p.
1536 1754 1624 1842 128).

479 1859 623 1925 Minime
655 1860 732 1926 fieri
762 1878 868 1943 porro
900 1865 1028 1944 potest,
1062 1866 1101 1925 ut
1132 1861 1243 1925 verbo
1275 1862 1440 1945 διέφθειρε
1477 1858 1626 1924 Labieni

480 1963 634 2028 victoria
657 1964 892 2029 contineatur.
934 1964 1068 2046 Quodsi
1090 1965 1135 2032 M.
1159 1964 1262 2030 reicit
1285 1964 1331 2028 ad
1355 1964 1625 2046 Xenophontem

481 2065 625 2152 (Anab,
659 2068 718 2132 ubi
752 2072 909 2133 ceterum
932 2069 1022 2133 falso
1056 2068 1137 2146 ib,
1163 2069 1201 2132 11
1236 2087 1299 2152 pro
1323 2068 1367 2149 II,
1392 2067 1465 2148 1,ss
1497 2066 1625 2151 notat),

480 2173 571 2238 haec
589 2175 693 2255 longe
712 2172 783 2237 alia
802 2191 920 2237 rerum
933 2173 1094 2237 condicio
1109 2177 1162 2238 est
1176 2192 1290 2256 neque
1305 2173 1357 2236 illi
1373 2172 1624 2255 comparanda.

480 2277 535 2341 Ac
557 2277 709 2360 primum
733 2277 874 2360 quidem
898 2277 958 2342 illo
976 2278 1054 2342 loco
1074 2279 1176 2358 ultr0,
1201 2277 1283 2360 quid
1302 2281 1427 2342 auctor
1447 2276 1513 2340 sibi
1527 2277 1625 2358 velit,

479 2382 705 2465 perspicuum
728 2387 795 2462 est;
829 2382 957 2447 deinde
982 2383 1132 2448 verbum
1154 2379 1356 2446 ἀποκτείνειν
1379 2382 1493 2465 ipsum
1517 2380 1624 2464 aptis·

480 2486 605 2551 simum
629 2491 683 2552 est
705 2488 752 2550 ad
774 2487 873 2550 illurn
895 2506 1006 2569 usum,
1031 2493 1104 2551 tum
1120 2486 1320 2571 Xenophon
1342 2487 1417 2568 ipse
1441 2486 1510 2550 hac
1533 2486 1567 2549 in
1586 2503 1626 2550 re

480 2591 618 2675 longius
632 2591 794 2675 procedit
809 2592 865 2673 (cf.
880 2590 1031 2675 Sauppe,
1048 2593 1117 2657 lex.
1133 2591 1294 2675 Xenoph.
1312 2609 1338 2655 s.
1351 2609 1387 2656 v.
1402 2587 1626 2672 ἀποκτείνειν),

483 2694 551 2759 hoc
583 2696 734 2779 denique
765 2697 843 2761 loco
882 2697 1031 2761 verbum
1070 2694 1271 2760 ἀποκτείνειν
1308 2696 1414 2760 latius
1452 2700 1552 2779 patet
1589 2700 1626 2760 et

482 2818 598 2882 paene
622 2820 652 2883 ,e
675 2800 790 2865 medio
814 2800 972 2865 tollendi‘
995 2801 1069 2864 vim
1093 2801 1199 2884 capit,
1232 2801 1268 2866 id
1291 2801 1384 2883 quod
1413 2800 1488 2865 iure
1515 2800 1624 2865 etiam

483 2904 527 2968 de
550 2922 634 2988 rege
657 2906 860 2969 Artaxerxe
884 2904 955 2968 dici
978 2910 1106 2987 potest.
1149 2904 1217 2969 Hic
1241 2910 1359 2969 autem
1383 2905 1428 2986 id,
1461 2906 1554 2988 quod
1578 2906 1624 2970 M.

481 3008 647 3073 minutius
671 3014 706 3073 et
729 3009 969 3093 scrupulosius
988 3010 1123 3073 duobus
1146 3010 1349 3074 auctoribus
1372 3008 1626 3074 adiuvantibus

482 3131 614 3195 magna
637 3132 704 3197 ope
728 3118 906 3178 scrutatus
930 3118 993 3195 est,
1026 3132 1128 3178 nemo
1162 3114 1253 3177 alius
1284 3113 1335 3178 ita
1366 3113 1551 3196 intelligat,
1589 3119 1627 3179 et

482 3217 605 3282 eodem
642 3218 733 3300 iure,
776 3237 856 3282 cum
890 3223 1078 3301 utrumque
1112 3219 1277 3299 verbum,
1318 3222 1353 3282 et
1389 3220 1553 3301 discustos
1589 3226 1627 3283 et

480 3322 670 3408 κατέπληξε,
688 3323 838 3387 eundem
858 3322 1017 3388 obtineat
1036 3324 1163 3404 locum,
1179 3324 1271 3387 alter
1290 3322 1434 3405 quidam
1453 3322 1627 3389 exsistere

480 3426 610 3510 poterit
633 3430 668 3491 et
691 3428 905 3492 contendere
928 3428 1020 3492 haec
1053 3428 1167 3492 verba
1198 3428 1249 3492 ita
1281 3446 1358 3492 esse
1385 3428 1626 3510 explananda,

480 3535 519 3595 ut
550 3530 706 3595 Labieno
745 3532 805 3596 vel
842 3532 904 3595 alii
941 3532 1083 3596 cuidam
1121 3532 1256 3597 tribuas
1294 3550 1504 3597 concursum
1542 3549 1627 3597 cum

480 3635 665 3718 Helvetiis,
689 3636 934 3719 Tigurinorum
952 3637 1141 3701 victoriam
1160 3636 1316 3718 Caesari,
1339 3641 1400 3702 aut
1423 3638 1546 3704 tertius
1562 3638 1626 3721 ita,

480 3744 518 3805 ut
541 3744 726 3824 utramque
750 3741 825 3805 rem
849 3742 976 3805 ducem
999 3742 1176 3825 quendam
1195 3743 1258 3805 sub
1278 3742 1445 3825 auspiciis
1459 3741 1627 3810 Caesaris

480 3845 631 3928 gessisse
654 3849 801 3913 statuas.
847 3843 990 3911 Certum
1024 3850 1077 3911 est
1108 3844 1256 3910 Dionem
1288 3847 1317 3910 si
1348 3847 1445 3912 fonte
1478 3846 1627 3914 Caesari

481 3950 749 4016 contradicente
781 3950 850 4015 hoc
877 3952 956 4014 loco
990 3969 1073 4015 usus
1107 3955 1210 4033 esset,
1243 3955 1496 4034 praeterquam
1529 3954 1627 4035 quod

482 4055 526 4119 ab
550 4055 610 4118 illo
633 4055 705 4118 iam
727 4055 819 4118 ultro
839 4055 955 4119 alieno
980 4058 1034 4119 est
1056 4055 1184 4137 animo,
1212 4056 1346 4120 maiore
1369 4055 1628 4139 perspicuitate

481 4177 624 4223 usurum
646 4159 753 4224 fuisse
777 4164 812 4224 et
835 4158 1025 4226 dicturum:
1058 4162 1219 4245 Λπβιῇι·ος
1241 4162 1406 4245 διέφθειρε
1426 4161 1485 4225 vel
1508 4165 1626 4231 certe:

480 4260 719 4350 ὐποστροιτηγός
742 4288 796 4340 τις.
841 4264 909 4327 Hic
932 4282 1071 4347 quoque
1104 4264 1160 4346 M,
1192 4283 1238 4329 ne
1270 4264 1314 4329 de
1346 4283 1397 4346 eo,
1429 4265 1522 4347 quod
1556 4265 1628 4333 sibi

586 4473 605 4539 ¹)
625 4471 659 4526 R.
680 4471 837 4541 Wilmans,
856 4473 892 4527 de
911 4471 1014 4527 Dionis
1034 4471 1127 4528 Cassii
1146 4473 1273 4529 fontibus
1292 4483 1321 4529 et
1335 4472 1513 4543 auctoritate,
1531 4472 1627 4529 Bero-

473 4558 529 4612 Ir'nr'
545 4561 618 4630 1836
631 4578 662 4631 p.
680 4576 723 4631 41.
