3792 5250
923 643 968 712 20

330 842 333 848 ’
375 855 539 920 Tolosam
571 856 665 921 irent
699 854 764 941 (so.
796 855 920 940 illico),
961 875 1002 921 eo
1034 857 1204 921 maiorem
1237 861 1449 941 potestatem
1486 861 1522 924 ei

374 960 497 1025 tribuit
520 978 641 1026 eorum
664 960 828 1026 libidines
851 961 1108 1044 praeveniendi
1131 979 1260 1044 eosque
1284 962 1391 1025 etiam
1414 967 1522 1027 extra

374 1066 461 1130 fines
485 1063 624 1131 Calliae
647 1064 828 1131 Romanae
852 1066 1094 1149 aggrediendi,
1118 1071 1156 1131 ut
1178 1067 1223 1130 M.
1248 1066 1431 1150 disputans
1449 1067 1522 1132 hoc

328 1167 331 1173 ’
374 1188 396 1233 a
411 1170 526 1237 Dione
546 1189 595 1235 ex
618 1171 687 1236 alio
711 1171 807 1236 fonte
826 1190 938 1254 eoque
957 1171 1100 1236 Caesari
1115 1172 1322 1236 adversario
1342 1177 1521 1254 sumptum

374 1293 451 1340 esse
474 1275 589 1359 potius
613 1276 828 1340 contrarium
852 1276 936 1358 eiua,
961 1277 1158 1359 quodvult,
1183 1276 1355 1342 ostendat.
1395 1276 1522 1358 Neque

372 1380 498 1451 melius
521 1380 640 1463 agitur
662 1381 706 1446 de
730 1380 909 1445 Micalella
932 1381 968 1445 in
993 1399 1043 1462 eo,
1068 1381 1160 1463 quod
1184 1380 1350 1463 sequitur.

479 1483 601 1550 Studio
616 1503 690 1564 suo,
712 1503 779 1568 quo
794 1485 924 1568 ubique
943 1485 1094 1549 alterum
1112 1486 1245 1550 fontem
1260 1485 1520 1568 quodammodo

373 1590 553 1672 praesagit
575 1589 635 1653 vel
657 1590 773 1672 potius
796 1590 974 1670 odoratur,
1006 1609 1047 1653 eo
1071 1589 1262 1672 impellitur
1286 1590 1335 1674 (p.
1360 1587 1521 1675 25-28),

373 1696 412 1757 ut
434 1693 558 1758 Dionis
581 1694 693 1759 Verba
716 1691 786 1779 (38,
809 1694 861 1777 32,
884 1693 938 1781 4):
962 1691 1158 1779 προσπεσών
1179 1681 1236 1758 οὖν
1259 1691 1313 1757 διδ
1334 1695 1437 1757 ταῦτα
1454 1697 1523 1770 τοῖς

371 1792 556 1886 Ἐλουητίοις
596 1795 654 1865 τδυ
687 1796 816 1885 ’Ἁραριν
859 1800 1058 1882 διαβαιυουοι
1101 1796 1176 1874 τοδς
1218 1803 1279 1883 μὲν
1322 1798 1522 1874 τελευταίους

373 1901 678 1981 ἐπακολουθοῦντας
700 1903 735 1970 ἐν
757 1902 846 1988 αὐτῷ
875 1907 921 1988 τῷ
950 1902 1042 1991 πόρῳ
1064 1907 1256 1988 διέφθειρεν,
1286 1901 1359 1980 τοδς
1381 1906 1418 1968 δὲ
1439 1927 1522 1990 ιτρο-

373 2007 586 2098 κεχωρηκότας
618 2009 649 2086 ἒς
675 2012 829 2077 τοσοῦτον
856 2013 889 2075 ἐκ
918 2013 977 2075 τοῦ
1003 2009 1163 2094 αἰφνιδίου
1192 2011 1245 2074 καὶ
1267 2008 1300 2074 ἐκ
1327 2011 1386 2074 τοῦ
1406 2007 1523 2092 τάχους

372 2119 429 2192 τίς
451 2114 585 2193 διώξεως
615 2118 667 2181 καὶ
689 2112 722 2182 ἐκ
744 2119 800 2206 τῆς
827 2114 975 2193 πύστεως
1001 2119 1066 2181 τῶν
1096 2114 1311 2181 ἀπολωλότων
1333 2114 1519 2202 ἐξέπληξεν,

374 2216 456 2287 ὥστε
485 2241 514 2291 e.
545 2239 576 2286 c.
609 2222 659 2287 ita
691 2222 886 2304 intelligat,
926 2218 979 2286 ut'
998 2223 1048 2288 eis
1079 2221 1228 2286 Dionem
1262 2240 1375 2304 aeque
1411 2224 1520 2304 atque

374 2326 604 2392 Plutarchum
627 2327 742 2392 victos
761 2327 946 2410 Tigurinos
965 2327 1120 2392 tribuere
1135 2326 1292 2390 Labieno
1314 2327 1520 2393 contendat.

375 2431 590 2515 Exsequitur
613 2432 706 2496 enim
731 2451 784 2514 ea,
818 2451 909 2515 quae
932 2431 1194 2496 Rauehenstein
1228 2430 1277 2514 (p.
1302 2430 1447 2517 61—68)
1472 2432 1517 2496 de

373 2537 504 2601 haere
536 2537 611 2620 ipse
642 2536 708 2601 sibi
741 2536 970 2619 excogitavit,
1001 2542 1143 2602 secutus
1175 2554 1352 2619 apparere
1387 2555 1432 2600 ex
1464 2536 1520 2599 his

374 2642 497 2707 Dionis
528 2643 648 2707 vorbis
681 2642 867 2725 Tigurinos
898 2643 1013 2707 victos
1047 2660 1124 2707 osse
1153 2661 1175 2706 a
1197 2640 1363 2723 Labieno,
1395 2660 1466 2706 non
1495 2660 1519 2706 a

375 2746 540 2829 Caesare,
563 2751 601 2811 ut
623 2748 699 2831 ipse
722 2748 831 2813 tradit
854 2748 897 2833 (l.
923 2746 991 2833 12),
1015 2745 1205 2812 Caesarem
1228 2746 1372 2829 reliquis
1395 2746 1517 2828 eisque

373 2854 508 2918 maiore
530 2853 775 2918 Helvetiorum
798 2854 893 2937 parti
916 2872 937 2917 a
958 2854 1074 2919 fronte
1097 2871 1135 2917 se
1159 2852 1363 2936 opposuisse
1386 2865 1518 2933 eosque

373 2957 516 3023 fudisse.
562 2957 639 3039 Quo
662 2957 697 3021 in
721 2958 996 3023 demonstrando
1019 2957 1062 3022 M.
1086 2975 1162 3022 rern
1185 2957 1278 3022 male
1301 2956 1419 3040 gessit.

478 3061 588 3128 Recte
619 3063 705 3128 dicit
738 3062 888 3128 Dionem
917 3063 1031 3146 primo
1073 3061 1154 3146 (τοῖς
1175 3059 1232 3127 τὸν
1261 3059 1416 3126 Ῥοδανὸν
1448 3062 1518 3126 δια-

374 3172 517 3250 βαίνουσι
533 3187 562 3234 ο.
576 3167 625 3254 c.)
643 3168 679 3232 in
702 3169 907 3234 universum
921 3167 1159 3232 Romanorum
1178 3185 1258 3231 curn
1272 3166 1518 3232 Helvetiorum

375 3272 535 3338 exercitu
567 3290 777 3338 concursum
804 3273 1006 3357 significare
1029 3272 1139 3352 velle3
1173 3272 1235 3337 sed
1263 3271 1392 3353 verbis
1424 3290 1518 3354 quae

375 3381 578 3459 sequuntur,
612 3396 682 3441 non
707 3394 860 3443 necesse
883 3382 936 3443 est
960 3378 1047 3442 duas
1074 3378 1233 3442 actiones
1255 3377 1351 3441 nullo
1374 3376 1519 3442 vinculo

374 3482 466 3547 inter
488 3501 526 3547 sc
554 3482 762 3547 coniunctas
791 3502 994 3548 conexasve
1023 3482 1191 3565 intellegi.
1237 3482 1304 3546 Dio
1332 3482 1518 3564 particulis

373 3595 434 3671 μέν
451 3591 486 3652 et
504 3590 544 3652 δι’
564 3606 646 3651 usus
669 3587 756 3651 nihil
779 3588 845 3652 nisi
868 3589 961 3652 inter
978 3607 1016 3652 se
1031 3588 1228 3652 contrarias
1251 3606 1312 3652 eas
1335 3605 1412 3652 esse
1430 3587 1518 3652 dicit

374 3694 473 3757 nulla
495 3693 663 3776 temporis
694 3693 818 3758 hahita
845 3694 992 3774 ratione,
1025 3697 1063 3757 ut
1090 3694 1283 3757 secundum
1306 3693 1380 3758 eius
1402 3693 1518 3758 verba

376 3798 422 3883 (si
448 3802 570 3863 cetera
592 3798 770 3884 negligas)
807 3803 842 3863 et
874 3800 1024 3863 alteram
1062 3816 1107 3863 ex
1139 3798 1255 3862 altera
1286 3816 1451 3863 manasse
1482 3803 1518 3863 et

375 3905 473 3968 nulla
514 3921 575 3967 eas
612 3904 706 3968 inter
741 3923 779 3968 se
820 3903 994 3969 contineri
1034 3904 1170 3968 ratione
1211 3903 1360 3985 cogitari
1394 3904 1516 3986 possit.

347 4023 350 4028 ·
376 4008 491 4073 Licuit
514 4012 611 4073 certe
634 4007 748 4090 Dioni,
772 4009 892 4073 verbis
916 4010 1045 4092 πρῶτον
1070 4046 1111 4055 -
1131 4003 1243 4072 δ’πειια
1265 4008 1326 4089 uti,
1348 4008 1410 4072 sed
1433 4027 1517 4090 quo-

375 4113 470 4177 niam
501 4112 570 4177 hoc
600 4132 671 4177 non
698 4113 792 4194 fecit,
828 4113 910 4178 inde
942 4114 1029 4177 nihil
1060 4117 1175 4197 potest
1205 4113 1334 4194 colligi.
1383 4112 1517 4179 Verum

375 4236 479 4303 porro
502 4237 574 4282 non
597 4223 659 4299 est,
682 4217 759 4284 fieri
781 4237 850 4282 non
872 4238 985 4301 posse,
1010 4225 1048 4283 ut
1070 4217 1197 4284 verba:
1221 4216 1255 4282 ἐκ
1276 4220 1335 4282 τοῦ
1355 4216 1518 4302 αἰφνιδίου

375 4325 421 4389 ad
445 4322 608 4390 Caesaris
630 4328 710 4407 post
732 4329 870 4406 tergum
888 4323 1133 4388 Helvetiorum
1152 4325 1345 4389 adventum
1367 4325 1516 4394 referas.

375 4429 449 4493 Etsi
468 4430 560 4495 onim
580 4429 804 4494 statuendum
823 4433 886 4509 est,
911 4429 956 4496 de
973 4428 1217 4511 Tigurinorum
1236 4447 1357 4512 pugna
1377 4434 1518 4496 ceteros

373 4534 558 4626 Helvetios
599 4535 767 4601 certiores
805 4553 883 4600 esse
922 4536 1036 4600 factos
1083 4533 1193 4619 (quod
1231 4536 1325 4619 apud
1365 4535 1518 4603 Dionem
